2003 3216
829 102 1127 147 -60-

176 231 286 289 jecit
332 231 392 286 δέ,
442 250 587 290 quam.
618 234 879 291 particulam
916 235 1060 278 minus
1105 234 1278 290 placere
1314 248 1448 290 quam
1483 234 1667 279 alteram
1697 236 1769 279 vix

182 308 292 349 opus
325 298 393 337 est
424 298 474 338 ut
504 309 718 339 moneam.
780 295 901 339 Idem
936 309 1036 338 cum
1065 295 1361 351 perspexisset
1380 294 1584 349 Weilius„
1608 297 1657 347 et
1674 294 1769 352 ipse

182 354 480 410 responsionis
512 354 714 398 defensor
743 355 789 397 in
822 370 860 398 v.
879 354 966 399 433
999 355 1196 411 reposuit
1226 352 1278 413 δή
1309 355 1405 398 loco
1432 352 1485 396 δέ
1512 351 1767 411 Ρωὶἰὲιύαθ,

182 413 315 470 quam
337 414 514 470 quidem
534 415 635 458 huic
654 414 748 460 loco
771 415 1040 471 aptissimam
1063 429 1159 459 esse
1181 415 1321 472 quivis
1341 414 1564 471 intelligit.
1600 413 1770 460 Deinde

183 474 328 516 minus
360 478 487 518 caute
519 474 684 518 delevit
714 475 992 518 Hermannus
1022 476 1152 531 primi
1182 489 1334 518 versus
1364 474 1622 518 vocabulum
1650 471 1767 517 ἄλλοι

182 534 344 576 etenim
390 534 484 577 sine
526 535 658 578 dubio
704 534 760 577 ab
807 535 903 591 ipso
939 539 1071 590 poeta
1108 538 1178 578 est
1212 535 1416 591 positum,
1464 538 1516 578 ut
1547 548 1599 578 eo
1629 534 1769 592 magis

182 592 373 635 eluceret
411 594 678 650 comparatio
726 608 838 649 quae
877 595 929 637 fit
966 595 1083 637 inter
1112 594 1420 637 Prometheum
1457 598 1503 637 et
1531 593 1768 637 Atlantem.

180 652 320 707 Magis
369 654 502 696 etiam
548 654 750 709 displicet
795 654 841 697 in
888 654 1085 709 ejusdem
1131 654 1213 697 viri
1250 654 1367 697 docti
1402 654 1769 710 interpretatione

181 711 299 767 quod
345 716 449 756 ante
496 710 722 769 ξυμπίτνων
768 710 827 771 (v.
866 711 976 772 434)
1023 713 1181 757 statuit
1215 713 1428 756 lacunam.
1491 713 1587 765 Qua
1622 713 1668 756 in
1704 713 1769 756 la-

181 787 306 823 cuna,
341 774 396 816 ab
427 774 524 829 ipso
556 773 810 817 Hermanno
842 789 929 818 non
951 774 1138 829 expleta,
1171 773 1356 818 Weilius
1386 773 1495 817 talia
1514 773 1606 818 fere
1627 773 1769 818 locum

179 830 385 876 habuisse
419 833 633 889 judicavit
668 831 812 890 »πέρις
846 832 1069 890 αἐίρεταια.
1130 833 1407 889 Excogitavit
1437 834 1553 877 enim
1583 833 1769 877 lacunae

180 892 449 948 supplendae
496 908 629 936 causa
674 894 835 950 opponi
879 894 997 937 inter
1032 907 1079 937 se
1110 893 1251 936 undas
1281 897 1509 949 surgentes
1540 893 1769 937 conciden-

180 955 350 1006 tesque.
414 952 502 995 Sed
532 957 583 995 ut
613 954 814 995 omittam
844 967 934 995 una
965 967 1063 995 cum
1093 953 1175 995 hac
1206 954 1455 1009 conjectura
1485 967 1622 996 novas
1654 952 1768 995 diffi-

180 1011 366 1056 cultates
397 1012 629 1069 interpreti
660 1027 756 1057 esse
789 1013 978 1065 obortaS‚
1020 1013 1082 1057 sic
1119 1016 1169 1056 ut
1201 1012 1383 1057 deberet
1414 1010 1640 1069 ξυμπίτνων
1666 1012 1768 1069 jun-

181 1085 283 1125 gere
307 1087 405 1114 cum
427 1074 713 1129 sequentibus
744 1077 877 1128 atque
899 1074 994 1116 loco
1013 1071 1150 1127 βυθός
1165 1087 1327 1129 ponere
1350 1073 1613 1130 adjectivum
1631 1071 1773 1126 βαθύς

166 1131 237 1181 ω]
268 1147 427 1177 nomen
459 1130 619 1175 κλύδων
650 1132 939 1188 referendum,
980 1147 1160 1191 prorsus
1191 1132 1313 1178 nulla
1344 1132 1605 1190 conspicitur
1635 1146 1769 1176 causa

179 1206 256 1234 cur
303 1194 391 1236 sint
433 1194 550 1236 inter
587 1208 633 1237 se
665 1195 949 1249 opponendae
979 1194 1126 1237 undae
1159 1197 1387 1249 surgentes
1419 1197 1465 1237 et
1495 1197 1768 1236 corruentesz·

178 1252 310 1296 immo
355 1252 440 1296 hac
484 1253 531 1296 in
577 1268 625 1297 re
671 1254 859 1297 vertitur
895 1254 1024 1298 cardo
1061 1254 1308 1298 sententiae
1345 1257 1396 1297 ut
1426 1254 1571 1297 undae
1600 1252 1767 1296 luctum

179 1314 307 1357 edere
355 1314 575 1365 dicantur;
624 1318 727 1372 apte
773 1318 921 1358 autem
966 1314 1111 1358 undae
1157 1314 1344 1358 clamare
1396 1315 1622 1370 finguntur
1674 1328 1766 1357 cor-

177 1377 371 1426 ruentes,
405 1375 631 1430 aptissime
662 1389 806 1431 porro,
839 1378 890 1417 ut
919 1375 985 1418 vis
1017 1379 1150 1429 atque
1190 1375 1380 1430 gravitas
1412 1374 1655 1418 sententiae
1689 1388 1767 1416 au-

180 1437 347 1489 geatur,
380 1434 568 1490 primum
599 1435 720 1492 ipsae
751 1435 911 1488 undae,
947 1434 1103 1479 deinde
1134 1449 1257 1479 mare
1295 1433 1579 1493 profundum,
1626 1447 1766 1489 usque

179 1494 296 1549 quod
328 1509 460 1536 sonus
491 1495 712 1537 undarum
734 1497 1028 1538 corruentium
1055 1495 1290 1550 propagari
1326 1496 1553 1550 cogitatur,
1585 1494 1767 1537 tandem

176 1554 271 1610 ipse
304 1553 441 1598 Orcus
472 1553 624 1611 lugere
656 1554 833 1599 dicitur.
896 1555 1055 1611 Itaque
1097 1554 1285 1599 alteram
1315 1554 1608 1612 responsionis
1638 1552 1766 1597 resti-

177 1615 368 1657 tuendae
399 1616 515 1657 viam
546 1616 740 1658 inierunt
770 1616 858 1657 alii.
909 1616 978 1658 Sic
1000 1609 1323 1658 Heimsoethins
1357 1639 1412 1646 -—
1445 1630 1576 1670 quem
1596 1614 1765 1656 ratione

177 1673 387 1717 excidisse
435 1677 607 1718 constat
653 1689 751 1718 cum
781 1674 827 1717 in
858 1690 897 1718 v.
922 1674 1008 1718 435
1043 1671 1240 1731 ἐμὸρέμει
1275 1674 1511 1731 conjiceret
1539 1673 1634 1716 loco
1666 1670 1765 1712 ὑπο-

174 1732 334 1789 βρέμει,
382 1734 500 1790 quod
547 1736 654 1791 quin
699 1736 792 1792 ipse
838 1739 972 1791 poeta
1003 1736 1199 1791 posuerit
1231 1736 1283 1778 de
1314 1734 1493 1790 lugente
1525 1732 1648 1786 Orco,
1690 1733 1765 1788 qui

177 1798 295 1837 esset
342 1795 475 1838 etiam
507 1796 588 1839 sub
619 1796 731 1838 mari
760 1794 989 1852 profundo,
1038 1808 1126 1838 non
1158 1798 1224 1839 est
1255 1794 1436 1838 dubium
1469 1822 1522 1827 -
1558 1808 1636 1836 suo
1663 1793 1764 1850 jure

176 1854 385 1899 refutavit
414 1855 615 1899 lacunam
646 1857 702 1900 ab
733 1856 872 1900 altero
903 1856 1142 1913 interprete
1175 1859 1277 1899 ante
1313 1852 1591 1912 »ξυμπίτνωνιε
1626 1853 1764 1911 parti-

176 1916 337 1972 cipium
369 1920 604 1967 statutam;
636 1916 715 1959 sed
747 1917 909 1960 delevit
939 1916 1069 1959 metri
1108 1930 1237 1959 causa
1268 1931 1355 1959 non
1385 1930 1526 1972 pauca
1557 1914 1763 1970 strophae

176 1976 328 2019 verba:
375 1980 427 2019 ut
474 1975 523 2020 Ο.
561 1976 826 2021 Ribbeckius
870 1976 1085 2022 vocabula
1151 1975 1326 2017 »Τιτᾶνα
1365 1974 1548 2032 λύμαιςει,
1588 1974 1706 2018 solus
1739 1989 1763 2018 e

177 2040 304 2079 textu
336 2036 504 2092 expulit
534 2035 891 2093 ἀδαμαντοδέτοις,
923 2037 1047 2093 cujus
1077 2036 1173 2080 loco
1206 2036 1320 2079 alter
1340 2036 1513 2093 scripsit
1541 2033 1766 2090 ἀκαμάτοις

177 2096 235 2139 ad
285 2094 422 2142 πόνοις·
458 2097 655 2140 dativum
691 2097 928 2152 pertinens.
992 2096 1232 2140 Praeterea
1268 2095 1593 2140 Heimsoethins
1625 2094 1762 2138 auda-

175 2157 347 2199 cissime
384 2154 574 2212 »δαμέντ’
607 2155 813 2213 εἷσιὸόμαν
844 2154 970 2198 dedu«
1020 2156 1230 2200 vocabula
1260 2157 1447 2200 mutavit
1481 2157 1528 2198 in
1570 2153 1762 2210 »εἰδόμαν

175 2215 290 2266 θεῶν
332 2214 541 2273 δαμέντ’<<.
599 2216 783 2261 Weilius
814 2231 944 2274 porro
977 2220 1022 2262 et
1050 2217 1145 2274 ipse
1176 2216 1330 2274 rejecit
1365 2232 1384 2256 »
1400 2215 1541 2258 Τιτᾶνα
1572 2213 1735 2271 stemate«
1747 2230 1763 2266 ,⁰

173 2277 498 2320 Ribbeckianae
530 2281 681 2321 tamen
713 2279 989 2334 conjecturae
1014 2276 1289 2333 »dxapa'rmc«
1321 2277 1416 2321 loco
1438 2276 1584 2333 posuit
1604 2274 1760 2331 ἀκάμπ-

177 2351 268 2382 τοις.
331 2336 626 2382 Weckleinius
672 2338 850 2383 tandem
878 2338 940 2381 ,in
988 2336 1191 2381 editionis
1239 2337 1448 2395 apendice
1492 2350 1581 2379 non
1632 2335 1760 2378 modo

173 2398 360 2441 aliorum
389 2398 785 2456 interpretamenta
815 2398 1028 2456 probavit,
1070 2398 1146 2442 sed
1178 2398 1313 2442 etiam
1343 2396 1554 2448 vocabula
1580 2390 1761 2437 ἍτλανιΨ

174 2463 221 2502 et
252 2458 405 2509 νώτοις,
438 2459 556 2514 quod
587 2474 746 2503 nomen
777 2458 884 2502 mihi
915 2458 1093 2515 quidem
1123 2459 1293 2515 poetice
1312 2462 1446 2514 atque
1466 2456 1763 2513 significanter

173 2519 365 2575 positum
403 2519 588 2571 videtur,
639 2520 696 2563 ab
734 2519 1051 2575 interpolatore
1082 2517 1280 2576 profecta
1310 2518 1518 2562 odoratus
1550 2531 1646 2562 esse
1677 2514 1762 2559 sibi

172 2580 290 2622 visus
330 2583 410 2622 est.
473 2579 641 2623 Videtis
679 2593 812 2635 quam
849 2578 972 2622 varia
1018 2583 1063 2623 et
1092 2592 1301 2636 perversa
1346 2577 1610 2635 protulerint
1646 2576 1762 2620 docti

172 2643 222 2683 ut
259 2639 545 2684 restituerent
580 2654 786 2684 numeros
819 2639 1166 2697 antistrophicos,
1207 2653 1316 2696 quos
1347 2652 1525 2683 carmen
1557 2635 1763 2694 amplecti

173 2701 266 2744 sine
299 2714 437 2743 causa
468 2701 552 2744 sibi
583 2704 909 2757 persuaserant.
972 2701 1131 2755 Itaque
1170 2701 1331 2744 suadeo
1364 2700 1481 2755 quod
1510 2697 1761 2742 Dindorfius

173 2764 218 2804 et
248 2761 499 2818 nuperrime
530 2760 823 2805 Kirchhoffius
854 2760 1157 2805 indicaverunt
1187 2760 1233 2803 in
1265 2760 1540 2812 editionibus,
1583 2771 1762 2802 carmen

172 2836 269 2866 esse
315 2821 565 2865 habendum
610 2836 690 2880 pro
737 2822 875 2879 epodo
921 2821 1112 2878 strophis
1152 2820 1516 2864 antecedentibus
1547 2818 1760 2876 subjecta.
