2003 3216
866 96 1161 138 -26-

220 224 374 279 Neque
407 229 555 269 tamen
586 240 764 281 prorsus
797 225 970 268 sublata·
1001 230 1069 269 est
1104 240 1208 268 cura
1240 240 1371 281 quam
1391 230 1571 283 propter
1591 225 1803 283 Apollinis

222 285 398 328 oracula
429 285 483 328 de
515 285 635 327 urbis
666 285 808 328 salute
839 284 1103 329 habuerunt.
1138 285 1299 328 etenim
1331 285 1393 329 sic
1423 285 1566 329 dicere
1593 290 1800 343 pergunt:

718 343 894 400 μέριμνα
925 343 1067 401 δ’ἀμφὶ
1097 345 1240 387 πτόλιν·

724 402 897 461 θέσφατ’
928 403 1003 446 οὐκ
1033 403 1285 461 ἀμβλύνεται.

220 464 344 506 Hanc
375 464 605 506 verborum
636 464 1043 532 interpretationem
1070 465 1108 507 si
1128 469 1246 508 recte
1274 469 1529 517 statuemus,
1564 468 1632 508 est
1651 479 1802 508 conce—

220 522 411 569 dendum
458 537 537 566 nos
570 523 625 567 de
656 524 776 567 urbis
808 523 900 567 fato
931 524 977 567 in
1008 524 1174 568 incerto
1205 524 1411 581 relinqui:
1461 524 1540 568 sed
1578 524 1804 580 quaeritur

220 584 335 626 sitne
367 598 438 626 res
470 584 571 629 talis
603 588 654 627 ut
683 588 816 641 poeta
843 584 901 628 ad
933 588 1099 628 certam
1120 585 1341 640 quandam
1361 601 1452 629 rem
1472 582 1672 640 trilogiae
1693 584 1802 628 fines

218 643 516 700 egredientem
532 644 733 688 allusisse
750 645 808 688 sit
824 644 1093 701 cogitandus.
1141 645 1241 690 Mea
1262 645 1438 701 quidem
1459 646 1678 689 sententia
1698 659 1802 702 poe-

217 708 265 747 ta
284 719 378 747 rem
400 709 563 748 certam
584 720 672 748 non
694 706 927 761 significat:
963 707 1124 749 etenim
1146 707 1351 761 quoniam
1371 710 1543 749 constat
1564 721 1663 749 eum
1684 709 1802 748 certo

218 765 397 807 consilio
445 765 626 808 ductum
672 765 844 809 silent-io
889 766 1101 823 pressisse
1147 766 1312 810 bellum
1344 766 1656 823 Epigonorum,
1694 765 1803 809 nihil

218 826 483 893 conspicitur
528 825 586 868 ad
625 825 743 881 quod
774 826 994 882 pertinere
1033 826 1202 883 possint
1232 827 1309 869 illa
1336 827 1485 870 verba.
1548 827 1686 869 Immo
1717 827 1803 869 vir-

218 886 352 940 gines,
402 890 534 929 antea
570 886 739 929 oraculi
769 886 874 930 Laio
907 886 1000 930 dati
1030 902 1257 939 memores,
1290 887 1366 930 ubi
1397 887 1514 930 diras
1546 886 1703 943 Oedipi
1733 901 1802 930 re-

216 960 322 988 vera
368 946 564 989 evenisse
611 943 888 998 audiverunt,
936 947 1079 990 verbis
1110 946 1198 989 illis
1230 950 1414 989 utuntur
1443 947 1690 1003 pavitantes
1722 947 1802 988 mi-

216 1010 454 1061 rantesque
485 1010 536 1049 ut
567 1010 670 1050 sunt
700 1007 894 1062 insignes
926 1021 1096 1050 summa
1115 1007 1293 1064 pietate.
1357 1007 1477 1059 Quae
1498 1022 1596 1050 cum
1616 1007 1680 1050 ita
1701 1006 1801 1059 sint,

215 1081 303 1109 non
335 1081 471 1123 spero>
495 1081 759 1122 quemquam
790 1081 932 1122 neque
966 1067 1020 1110 de
1053 1071 1296 1111 ceterorum
1328 1067 1487 1110 ducum
1518 1067 1621 1109 fatis
1652 1081 1803 1109 narra-

216 1127 336 1171 tione
374 1141 516 1183 neque
556 1142 662 1171 cura
708 1142 820 1183 quae
854 1127 908 1171 de
940 1127 1061 1171 urbis
1095 1127 1237 1171 salute
1269 1132 1494 1171 remaneat
1526 1142 1620 1171 esse
1652 1126 1803 1171 defen-

216 1200 366 1229 surum
403 1188 525 1230 illam
564 1202 756 1239 scenam,
796 1189 842 1230 in
881 1203 969 1242 qua
998 1192 1130 1243 poeta
1160 1188 1265 1230 facit
1295 1202 1554 1243 praeconem
1585 1188 1802 1244 Polynicis

215 1261 371 1304 corpus
404 1247 581 1304 sepeliri
611 1250 836 1291 vetantem
869 1251 914 1290 et
944 1247 1208 1303 Antigonam
1239 1247 1375 1291 vetito
1406 1248 1666 1291 obstantem.

335 1307 436 1351 Jam
467 1321 729 1363 quaeramus
761 1307 1047 1351 cohaereatne
1079 1307 1186 1351 haec
1217 1322 1347 1351 scena
1378 1322 1474 1351 cum
1506 1307 1803 1350 antecedenti-
1803 1304 1812 1312 '

214 1362 296 1410 bus
328 1372 461 1435 atque
495 1369 553 1411 sit
583 1382 760 1411 necesse
793 1372 843 1410 ut
880 1369 1175 1424 subsequatur
1222 1371 1353 1411 antea
1399 1372 1674 1424 praeparata.
1723 1367 1803 1410 Est

214 1441 345 1471 scena
389 1428 436 1470 in
482 1427 841 1472 antecedentibus
888 1427 998 1497 adeo
1046 1443 1133 1471 non
1178 1431 1441 1485 praeparata
1486 1431 1536 1470 ut
1589 1442 1685 1470 eam
1716 1442 1803 1470 non

213 1488 344 1532 modo
375 1504 462 1532 non
495 1492 808 1545 exspectemus,
849 1488 927 1532 sed
957 1489 1011 1532 iis
1043 1504 1098 1532 ne
1120 1488 1488 1532 accommodatam
1510 1487 1685 1543 quidem
1707 1503 1802 1532 esse

214 1562 483 1592 censeamus.
547 1549 603 1591 Et
633 1549 822 1605 primum
854 1549 908 1592 de
940 1550 1096 1592 nuntio
1144 1553 1212 1592 est
1243 1548 1475 1591 dicendum
1512 1549 1587 1603 qui
1617 1548 1803 1591 fratrum

213 1624 364 1653 necem
409 1610 678 1666 pronuntiat.
741 1608 939 1665 Namque
986 1624 1216 1667 possumus
1263 1623 1440 1666 sperare
1487 1623 1587 1653 eum
1633 1609 1708 1664 qui
1747 1609 1804 1652 sit

214 1684 238 1712 6
269 1670 571 1712 Thebanorum
602 1685 783 1713 numero
815 1671 940 1712 nobis
972 1670 1026 1712 de
1059 1670 1216 1713 civium
1246 1670 1291 1711 in
1323 1669 1482 1712 fratres
1514 1669 1669 1711 animis
1698 1670 1803 1724 quid

214 1744 309 1773 esse
350 1729 587 1773 dicturum:
628 1729 747 1773 illius
785 1730 928 1773 verbis
965 1729 1213 1787 hujusmodi
1243 1733 1375 1786 poeta
1405 1729 1628 1786 aptissime
1659 1729 1803 1786 potuit

213 1791 459 1845 significare
505 1805 765 1846 praeconem
803 1790 1024 1845 quendam
1055 1790 1271 1847 Polynicis
1313 1805 1468 1846 corpus
1500 1790 1675 1846 sepeliri
1707 1804 1802 1833 esse

212 1851 463 1893 vetiturum.
498 1849 643 1892 Etiam
664 1850 897 1893 Welkerus
920 1864 1184 1905 quamquam
1205 1864 1379 1892 scenam
1401 1850 1574 1906 abipso
1591 1849 1802 1906 Aeschylo

213 1911 495 1979 compositam
528 1925 618 1954 esse
651 1915 810 1962 censet,
844 1914 993 1954 tamen
1024 1910 1290 1967 vituperavit
1331 1913 1507 1966 poetam
1538 1909 1656 1965 quod
1691 1908 1802 1953 illud

212 1985 299 2013 non
330 1964 502 2013 fecisset
534 1970 624 2027 (Kl.
658 1971 777 2013 Schr.
810 1970 886 2013 Th.
919 1970 976 2013 II.
1009 1986 1052 2027 p.
1090 1968 1208 2027 141).

333 2030 399 2073 Ex
430 2030 573 2075 verbis
603 2031 748 2087 potius
768 2030 941 2074 traditis
972 2029 1172 2074 dubitare
1205 2045 1292 2073 non
1322 2044 1545 2087 possumus
1574 2029 1678 2085 quin
1701 2044 1802 2073 6011-

211 2091 321 2133 fidat
358 2091 537 2132 nuntius
582 2105 669 2132 non
716 2090 845 2132 modo
892 2090 1115 2133 Eteoclem
1161 2090 1238 2132 sed
1284 2091 1420 2132 etiam
1457 2089 1707 2145 Polynicem
1748 2090 1802 2131 iri

211 2166 286 2209 sep
289 2150 431 2196 ultum
462 2151 507 2195 in
540 2153 659 2195 terra
689 2150 845 2208 patria.
880 2148 1079 2206 Namque
1110 2148 1177 2194 his
1208 2149 1350 2194 verbis
1382 2148 1522 2193 utitur
1551 2149 1597 2193 in
1628 2165 1667 2193 v.
1692 2149 1799 2194 800·

570 2211 704 2259 ἕξουσι
734 2211 771 2253 δ’
803 2212 852 2270 ἢν
882 2210 1059 2266 λάβωσιν
1092 2208 1135 2253 ἐν
1167 2213 1282 2269 ταφῇ
1288 2209 1457 2278 γᾷόνα.

212 2272 336 2315 Idem
368 2275 435 2316 est
461 2271 749 2330 judicandum
771 2271 825 2315 de
848 2271 967 2315 chori
988 2271 1205 2327 virginum
1226 2271 1392 2314 animis.
1442 2269 1528 2313 Sed
1548 2254 1801 2327 priusquam

211 2333 293 2375 hac
324 2333 379 2375 de
411 2347 459 2375 re
494 2333 718 2389 disputare
749 2346 942 2388 pergam,
975 2346 1115 2388 pauca
1145 2335 1247 2374 sunt
1277 2330 1600 2387 praemittenda
1626 2330 1680 2374 de
1702 2345 1801 2386 per-

212 2393 325 2435 sonis
356 2392 473 2435 illius
505 2392 662 2435 cantici
709 2391 826 2447 quod
857 2391 970 2434 hanc
1000 2391 1057 2434 ad
1090 2391 1387 2446 quaestionem
1418 2391 1609 2447 pertinet
1654 2390 1801 2432 distri-

211 2452 407 2496 buendis.
470 2451 645 2495 Etenim
692 2451 891 2495 nonnulli
935 2451 1200 2508 interpretes
1236 2454 1378 2494 totum
1416 2450 1644 2502 canticum,
1683 2449 1802 2505 quod

211 2517 277 2555 est
309 2527 336 2555 a
366 2529 406 2555 v.
432 2513 518 2555 853
550 2527 687 2567 usque
719 2512 776 2554 ad
809 2527 848 2555 v.
873 2512 974 2563 933,
1007 2512 1068 2554 316
1097 2511 1324 2554 tibuerunt
1354 2510 1484 2553 choro
1529 2513 1580 2552 ut
1610 2483 1801 2564 singulas

210 2572 487 2630 stropharum
518 2571 756 2629 particulas
786 2570 1060 2614 hemichoriis
1092 2570 1262 2613 darent.
1325 2569 1438 2613 Huic
1475 2573 1622 2612 autem
1655 2569 1801 2612 distri-

210 2634 381 2676 butioni
428 2633 603 2675 obstant
649 2646 833 2687 magnae
882 2625 1176 2675 difficultates.
1240 2630 1414 2674 Etenim
1460 2630 1648 2686 primum
1679 2629 1802 2672 nulla

211 2694 472 2763 conspicitur
503 2707 634 2737 causa
664 2707 741 2736 cur
767 2692 921 2736 chorus
958 2691 1099 2736 duas
1087 2706 1133 2734 111
1153 2695 1301 2748 partes
1322 2690 1612 2734 discernatur.
1647 2689 1801 2734 eodem

211 2755 356 2798 animo
389 2769 538 2797 omnes
569 2754 758 2809 virgines
789 2753 942 2809 lugent
964 2756 1009 2796 et
1029 2752 1251 2796 Eteoclem
1274 2755 1318 2795 et
1338 2751 1609 2809 Polynicem3
1641 2750 1800 2794 deinde

210 2816 246 2857 31
278 2831 346 2858 vv.
372 2814 610 2857 853-856
633 2814 762 2856 alteri
783 2812 1045 2856 hemichorio
1067 2813 1377 2864 tribuerentur,
1410 2811 1539 2854 alteri
1560 2826 1627 2854 vv.
1652 2812 1797 2854 857-

213 2877 314 2929 858,
347 2889 435 2920 non
467 2874 571 2919 satis
601 2873 790 2931 intelligi
812 2873 981 2918 monuit
1000 2871 1182 2916 Weilius
1214 2887 1291 2916 cur
1320 2871 1396 2915 1116
1427 2874 1626 2932 uteretur
1652 2871 1801 2915 metris
