2003 3216
825 106 1119 151 -50-..

178 240 337 283 cantici
385 238 693 297 subsequentis
739 237 930 295 proodus
969 235 1259 282 commotiore
1278 237 1480 295 rhythmo
1511 238 1762 296 composita.

176 299 203 343 J
207 314 279 343 am
309 300 466 356 reliqui
497 303 599 343 sunt
630 299 863 355 anapaesti
881 298 1005 343 Jonis
1037 298 1093 343 de
1120 313 1254 343 scena
1284 298 1550 343 decedentis.
1596 299 1763 342 Horum

177 374 385 403 versuum
414 359 536 402 locus
566 359 661 416 ipse
691 373 772 416 per
803 373 850 402 se
877 358 1013 415 habet
1034 360 1222 416 speciem
1244 359 1540 416 antiquitatis:
1573 372 1763 415 namque

176 421 345 464 monuit
360 419 660 477 Westphalius
683 423 948 476 anapaestos
970 434 1124 463 scenas
1146 419 1454 464 concludentes
1477 420 1533 464 ab
1549 418 1763 476 Aeschylo

175 481 433 536 saepissime
464 479 620 523 mediis
651 480 698 523 in
728 480 971 535 tragoediis
1003 494 1099 524 esse
1131 481 1310 537 positos
1343 479 1423 523 sed
1454 480 1516 523 sic
1538 494 1566 523 a
1585 480 1763 535 tragicis

178 540 494 598 posterioribus
525 540 776 598 repudiatos
806 544 857 584 ut
888 541 944 584 ab
974 541 1028 584 iis
1059 539 1151 585 fere
1182 541 1335 585 nonin
1355 555 1483 584 usum
1502 544 1764 584 vocarentur

176 602 260 643 nisi
290 602 337 644 in
367 602 464 657 ipso
495 600 826 656 tragoediarum
857 601 990 644 exitu.
1040 601 1127 644 Sed
1159 614 1428 657 quamquam
1458 600 1564 643 mihi
1585 600 1762 657 quidem

175 665 350 704 constat
397 674 451 704 ex
497 661 622 705 initio
670 660 805 703 etiam
837 665 1099 716 argumenta
1131 664 1472 717 anapaestorum
1503 660 1761 716 pertinuisse

175 720 234 763 ad
265 734 554 777 personarum
586 721 766 771 abitum,
799 724 949 763 tamen
975 721 1070 776 jam
1093 720 1210 776 apud
1230 721 1373 776 ipsum
1393 720 1655 777 Aeschylum
1673 719 1761 762 illis

176 781 370 824 numeris
403 780 718 837 subsequentia
748 779 890 823 solent
921 781 1192 837 praeparari.
1254 779 1324 834 Sic
1354 778 1476 823 Pers,
1507 779 1686 823 fabulae
1719 784 1761 823 et

173 857 241 885 vv.
262 841 500 885 530—545
525 845 569 885 et
584 841 838 893 621-630,
863 840 981 898 Sept.
998 857 1066 885 vv.
1086 841 1336 892 804-813,
1360 839 1509 898 Suppl.
1528 856 1594 885 vv.
1613 841 1759 884 605—

174 902 277 954 609,
326 902 481 958 Agam.
514 918 582 946 vv.
605 902 844 945 342—353
891 901 973 945 hoc
1011 917 1147 945 unum
1185 905 1387 959 spectant
1417 905 1468 945 ut
1498 906 1766 959 praeparent

174 963 371 1005 carmina
401 962 614 1019 proxima.
678 961 786 1004 Aliis
817 961 925 1005 locis
956 962 1230 1005 traducimur
1262 962 1516 1019 anapaestis
1550 962 1608 1004 ad
1632 976 1763 1017 argu-

173 1027 370 1066 mentum
389 1023 588 1079 ipsarum
609 1036 842 1065 scenarum
864 1023 1242 1079 subsequentium:
1276 1036 1466 1079 namque
1498 1022 1544 1065 in
1573 1022 1763 1078 Choeph.

173 1082 327 1125 fabula
358 1087 594 1138 postquam
626 1081 803 1124 Orestes
837 1083 945 1124 abiit
976 1097 1066 1124 una
1097 1097 1195 1124 cum
1225 1086 1367 1124 matre
1398 1083 1444 1123 in
1465 1082 1645 1136 regiam,
1678 1083 1764 1124 vir-

174 1142 298 1197 gines
329 1142 523 1185 numeris
556 1141 850 1198 anapaesticis
882 1145 1057 1185 utentes
1089 1145 1326 1198 precantur
1356 1145 1406 1184 ut
1426 1140 1764 1197 Agamemnonis

174 1216 328 1245 manes
361 1202 631 1257 opitulentur
660 1201 750 1244 filio
783 1206 953 1257 patrem
985 1201 1152 1252 ultur03
1184 1202 1227 1243 in
1263 1201 1460 1257 ejusdem
1490 1201 1667 1244 fabulae
1696 1217 1763 1246 vv,

176 1262 412 1305 848—861
450 1265 601 1318 aperte
649 1260 808 1304 dicitur
855 1260 909 1304 de
958 1260 1093 1304 caede
1140 1261 1301 1312 futura,
1336 1264 1570 1317 postquam
1600 1275 1677 1304 rex
1709 1260 1763 1304 de

174 1336 308 1365 scena
340 1321 542 1365 decessit.
604 1320 752 1364 Unum
781 1325 953 1364 tantum
982 1322 1129 1365 inveni
1161 1320 1406 1377 exemplum
1433 1321 1551 1377 quod
1573 1321 1766 1364 ostendit

174 1384 442 1438 anapaestos
460 1380 519 1424 ad
534 1395 749 1437 personae
767 1381 996 1437 cujusdam
1013 1382 1179 1424 abitum
1200 1381 1486 1437 pertinentes:
1508 1381 1762 1432 recitantur,

172 1446 222 1485 ut
269 1446 419 1498 aperte
468 1441 627 1484 docent
671 1440 887 1485 vocabula
929 1439 1093 1498 »μηκέτ’
1135 1438 1352 1497 ἐσέλθῃς-α,
1398 1440 1552 1496 Agam.
1585 1440 1762 1484 fabulae

171 1517 238 1544 vv.
266 1501 563 1544 1285—1288
595 1500 701 1542 dum
733 1500 986 1543 Cassandra
1018 1501 1110 1543 abit
1139 1501 1186 1542 in
1208 1500 1385 1543 domum
1405 1501 1585 1555 regiam.
1625 1499 1762 1543 Porro

171 1575 256 1605 non
291 1560 556 1604 offendimur
587 1559 707 1617 quod
736 1560 890 1604 tribuit
922 1564 1053 1617 poeta
1086 1564 1352 1616 anapaestos
1379 1561 1462 1617 ipsi
1481 1560 1603 1604 Joni:
1637 1574 1762 1603 nam-

173 1636 259 1677 que
292 1621 397 1663 dum
427 1621 660 1676 profitetur
691 1634 787 1663 sese
820 1620 964 1663 denuo
996 1621 1148 1663 vexari
1180 1620 1326 1663 furore
1360 1625 1492 1676 atque
1525 1620 1760 1671 doloribus,

173 1680 284 1725 adeo
316 1685 365 1724 ut
397 1680 531 1724 aliam
553 1680 600 1723 in
630 1684 797 1723 terram
829 1680 1088 1737 abripiatur,
1121 1681 1220 1737 ipsa
1252 1680 1382 1724 affert
1409 1694 1588 1723 causam
1609 1694 1686 1724 cur
1707 1679 1762 1724 de

172 1756 305 1784 scena
336 1741 526 1784 festinet.
591 1739 805 1783 Ceterum.
827 1756 915 1784 non
947 1742 1091 1783 minus
1120 1739 1222 1795 apte
1240 1741 1460 1795 Antigona
1482 1740 1586 1782 dum
1609 1755 1636 1783 a
1657 1740 1761 1783 Cre-

171 1801 286 1844 ontis
325 1799 502 1843 famulis
542 1800 588 1843 in
620 1813 842 1843 carcerem
874 1799 1107 1843 abducitur
1138 1800 1198 1857 (v.
1222 1797 1343 1858 939),
1386 1799 1581 1857 loquitur
1611 1814 1762 1844 versus

172 1862 481 1916 anapaesticos
515 1861 752 1903 937—943
765 1858 823 1916 '’*).
887 1860 1087 1903 Tandem
1119 1875 1197 1903 suo
1224 1861 1323 1915 jure
1355 1860 1595 1915 Aeschylus
1626 1875 1761 1903 unum

172 1924 349 1964 tantum
378 1920 708 1978 hypermetrum
740 1919 863 1963 dedit
892 1918 1012 1963 Joni:
1061 1933 1251 1976 namque
1282 1919 1403 1975 virgo
1435 1919 1597 1962 misera
1630 1923 1762 1977 atque

173 1981 415 2025 furibunda
447 1981 667 2036 cogitatur
696 1981 824 2037 quasi
854 1979 1117 2024 festinanter
1148 1980 1202 2024 de
1234 1995 1367 2023 scena
1399 1980 1588 2024 avolare.

161 2080 163 2082 .
293 2041 420 2084 Nunc
450 2041 571 2084 venit
602 2040 844 2096 disputatio
878 2040 936 2083 ad
970 2040 1167 2096 ejusdem
1187 2040 1368 2096 virginis
1390 2041 1607 2083 canticum
1628 2040 1760 2083 doch-

173 2102 382 2145 miacum:
416 2115 608 2159 namque
639 2100 938 2158 Westphalius
971 2105 1015 2145 et
1044 2101 1090 2144 in
1122 2101 1266 2158 operis
1288 2101 1457 2145 metrici
1476 2100 1694 2145 volumine
1717 2100 1760 2144 II

169 2161 233 2219 (p.
256 2161 461 2219 XLVIII)
493 2166 537 2204 et
568 2162 614 2203 in
635 2161 954 2217 prolegomenis
977 2159 1038 2218 (p.
1058 2160 1104 2217 8)
1125 2161 1207 2203 hoc
1228 2162 1445 2204 canticum
1468 2162 1523 2204 ab
1547 2161 1760 2216 Aeschylo

171 2220 513 2265 abiudicandum
560 2220 741 2264 censuit¹
776 2220 896 2277 quod
944 2221 1000 2264 ab
1031 2220 1129 2278 ipsa
1161 2219 1257 2265 sola
1286 2220 1453 2277 virgine
1485 2224 1757 2264 cantaretur:

170 2283 333 2326 etenim
363 2282 487 2325 illum
519 2282 693 2325 cantica
725 2286 803 2325 aut
833 2281 965 2325 choro
997 2282 1200 2325 universo
1233 2286 1311 2325 aut
1332 2280 1513 2337 singulis
1541 2281 1759 2325 choreutis

168 2342 240 2385 vel
272 2342 446 2385 cantica
478 2342 721 2385 amoebaea
752 2345 797 2385 et
827 2341 1046 2385 choreutis
1079 2345 1123 2384 et
1153 2341 1335 2397 singulis
1368 2355 1525 2385 scenae
1561 2342 1760 2397 personis
1835 2392 1837 2397 ¹

168 2403 363 2446 tribuere
396 2416 492 2446 esse
525 2400 723 2453 solitum;
754 2402 1020 2458 posteriores
1041 2401 1144 2446 solis
1165 2402 1357 2459 ipsisque
1379 2416 1538 2445 scenae
1562 2401 1759 2457 personis

170 2462 346 2506 dedisse
377 2462 564 2506 cantica.
612 2461 736 2506 Haec
767 2466 835 2505 est
866 2476 955 2506 una
986 2476 1122 2506 causa
1153 2476 1288 2519 quam
1317 2463 1385 2506 vir
1415 2461 1569 2506 doctus
1599 2461 1683 2505 hac
1713 2462 1759 2504 in

169 2524 428 2581 quaestione
473 2522 634 2566 attulit.
697 2522 806 2565 Mihi
853 2523 1030 2580 quidem
1074 2523 1210 2567 totius
1256 2523 1415 2566 cantici
1445 2521 1614 2566 indoles
1647 2522 1758 2566 adeo

169 2584 380 2639 originem
411 2582 700 2640 Aeschyleam
730 2583 916 2639 prodere
939 2583 1113 2627 videtur
1132 2588 1182 2627 ut
1200 2582 1279 2626 illa
1299 2597 1389 2626 una
1410 2597 1545 2626 causa
1565 2587 1759 2640 nequeat

168 2643 404 2686 defendere
436 2644 519 2686 viri
550 2643 668 2686 docti
694 2643 920 2698 judicium.

290 2702 371 2746 Est
403 2706 711 2759 argumentum
733 2701 937 2760 Aeschyli
967 2703 1143 2759 ingenio
1166 2702 1466 2759 dignissimum
1489 2706 1533 2746 et
1553 2701 1759 2746 cohaeret

168 2779 267 2807 cum
299 2778 434 2807 scena
467 2763 765 2820 subsequenti,
799 2778 933 2820 quam
964 2764 1020 2807 ab
1053 2778 1104 2807 eo
1135 2764 1231 2820 ipso
1253 2763 1494 2820 profectam
1515 2778 1610 2806 esse
1631 2778 1758 2806 nemo

270 2895 306 2942 *)
333 2894 506 2932 citantur
529 2906 651 2932 versus
679 2894 867 2942 Sophoclei
892 2906 959 2933 sec.
986 2894 1179 2932 editionem
1207 2894 1493 2945 Schueidewinii.
