2003 3216
788 111 1083 154 -25-

150 251 195 291 et
225 246 439 302 virginum
469 244 624 288 chorus
655 246 701 287 et
731 245 999 300 spectatores
1030 242 1083 286 de
1114 242 1269 286 ceteris
1291 241 1470 285 ducibus
1489 255 1570 298 pro
1590 241 1726 284 totius

149 306 399 362 tragoediae
444 303 589 348 indole
636 303 745 346 satis
789 303 897 346 certi
941 303 1111 346 fierent.
1187 301 1385 357 Namque
1432 302 1636 357 quoniam
1681 301 1727 343 in

149 383 216 411 vv.
240 366 415 410 50-51
465 363 723 419 Argivorum
770 363 900 406 duces
932 363 1134 406 dicuntur
1143 378 1154 384 ·’
1163 362 1339 408 Adrasti
1369 362 1514 405 currui
1535 360 1727 404 affixisse

149 427 274 480 signa
305 425 373 467 sui
402 437 607 475 memora,
640 422 880 479 Aeschylus
908 422 1028 465 illam
1058 422 1252 465 fabulam
1283 425 1458 465 secutus
1490 435 1585 464 esse
1606 421 1726 464 vide-

149 490 223 528 tur
268 499 321 527 ex
368 497 456 539 qua
493 481 781 539 Amphiaraus
816 485 939 525 vates
976 481 1245 539 praedixisse
1282 481 1481 536 ,traditur
1510 480 1724 524 neminem

149 560 203 589 ex
234 545 392 588 ducum
421 557 602 587 numero
634 542 808 586 domum
828 556 924 586 esse
944 542 1187 586 rediturum
1207 541 1291 585 nisi
1311 540 1559 585 Adrastum.
1591 540 1726 583 Porro

148 606 194 647 in
240 617 370 647 scena
414 602 492 646 illa
529 602 754 659 praeclara
791 617 904 658 quae
941 606 1009 645 est
1039 603 1092 646 de
1129 602 1198 646 bis
1229 605 1397 658 septem
1428 601 1610 644 ducibus
1640 615 1727 643 non

149 663 283 708 semel
315 666 676 706 commemoratur
701 661 864 706 bellum
884 662 1054 718 Argivis
1080 662 1369 720 perniciosum
1391 675 1487 705 esse
1506 660 1724 704 futurum:

150 725 212 766 sic
247 724 293 765 in
323 724 465 779 prima
495 723 607 765 nutii
637 723 899 775 narratione,
931 737 1052 778 -quae
1084 727 1151 766 est
1182 723 1235 765 de
1264 721 1431 779 Tydeo,
1470 725 1593 765 vates
1625 735 1727 763 suos

149 798 177 827 a
206 782 371 840 proelio
402 779 591 825 retinere
623 781 783 825 dicitur
811 786 992 840 propter
1021 796 1145 825 sacra
1174 780 1377 833 infelicia,
1410 781 1567 824 deinde
1597 781 1643 823 in
1675 794 1730 823 ea

149 844 357 895 orat-ione,
398 857 486 898 qua
520 843 606 898 ipsi
642 842 734 885 vati
770 843 1042 886 adversarius
1074 843 1324 899 opponitur,
1372 857 1450 885 rex
1476 856 1580 884 eum
1610 841 1726 884 timi-

149 903 286 946 ditate
333 902 388 946 ab
418 902 585 959 impetu
615 901 795 955 retin‘eri
823 905 968 958 negat,
1003 901 1082 946 sed
1114 902 1228 958 quod
1260 901 1371 944 sciat
1401 914 1496 944 sese
1527 915 1726 958 pugnan-

148 968 238 1007 tem
269 978 364 1006 esse
395 963 653 1006 moriturum
683 962 721 1005 si
751 963 868 1006 credi
891 962 1021 1007 liceat
1040 962 1253 1019 Apollinis
1275 961 1473 1005 oraculis.
1522 961 1726 1005 Ceterum

150 1037 261 1077 quae
308 1025 551 1065 memoratu
597 1022 728 1077 digna
772 1022 936 1065 tradita
973 1026 1107 1065 erant·
1136 1022 1191 1064 de
1227 1021 1533 1064 nonnullorum
1571 1022 1727 1063 ducum

147 1082 251 1126 fatis
300 1081 407 1126 satis
448 1082 640 1139 respexit
684 1085 815 1139 poeta
851 1082 898 1125 in
929 1081 983 1125 iis
1021 1096 1134 1138 quae
1180 1085 1416 1125 narrantur
1461 1081 1513 1125 de
1546 1080 1727 1137 singulis

148 1143 332 1196 Argivis.
398 1143 468 1184 Sic
507 1157 594 1183 non
632 1143 726 1184 sine
758 1146 874 1184 certo
906 1142 1084 1184 consilio
1116 1146 1229 1184 suntv
1250 1142 1411 1196 scripta
1441 1156 1584 1195 neque
1615 1155 1727 1194 quae

149 1205 194 1245 et
224 1202 318 1258 ipse
351 1200 579 1259 Capaneus
604 1200 744 1258 jactat
773 1201 819 1244 in
850 1217 917 1245 vv.
940 1201 1028 1246 440
1051 1215 1146 1257 sqq.
1180 1204 1225 1244 et
1245 1215 1322 1244 rex
1344 1200 1396 1244 (16
1420 1214 1472 1244 60
1493 1200 1728 1258 respondet

147 1263 193 1305 in
223 1277 289 1304 vv.
312 1261 563 1313 427—429,
603 1275 746 1316 neque
778 1275 890 1316 quae
921 1261 1209 1318 Amphiaraus
1247 1262 1301 1304 de
1333 1275 1413 1303 sua
1442 1262 1578 1317 ipsius
1610 1264 1727 1303 sorte

74 1342 79 1346 ·
148 1321 408 1365 vaticinatur
438 1321 483 1364 in
505 1336 571 1365 vv.
596 1321 847 1366 570-571,
894 1320 1014 1373 Quae
1036 1336 1133 1365 cum
1153 1321 1217 1364 ita
1237 1321 1336 1373 sint,
1371 1323 1639 1378 spectatores
1659 1319 1727 1363 his

146 1382 420 1439 potissimum
467 1382 610 1425 nuntii
655 1382 799 1426 verbis
849 1379 1085 1423 »πέπτωκεν
1132 1380 1295 1439 ἀνδρῶν
1340 1379 1523 1439 ὀβρᾲιων
1576 1380 1725 1437 κομπά-

148 1456 310 1498 σματα(
356 1442 558 1486 interitus
592 1442 750 1486 ducum
780 1441 1038 1498 Argivorum
1070 1443 1176 1485 satis
1216 1441 1545 1486 commonefacti
1575 1441 1726 1485 viden-

148 1507 238 1553 tur3
265 1517 407 1558 neque
430 1516 693 1558 quemquam
714 1517 768 1546 ex
787 1502 1086 1546 Thebanorum
1110 1502 1291 1546 ducibus
1311 1502 1396 1545 nisi
1416 1516 1563 1558 regem
1584 1503 1728 1559 ipsum

148 1562 354 1606 cecidisse
385 1566 623 1620 potuerunt
654 1562 909 1606 concludere
939 1562 1008 1606 his
1040 1577 1093 1606 ex
1123 1562 1341 1606 versibus:

493 1622 621 1678 στέγει
650 1622 698 1665 δὲ
729 1622 880 1680 πύργος
905 1623 971 1665 καὶ
1000 1622 1128 1672 πύλας
1155 1621 1394 1680 φερεγγύοις

423 1706 428 1711 ·
493 1680 793 1740 ἐφραξάμεσθα
817 1683 1081 1741 μονομάχοισι
1111 1683 1359 1739 προστάταις.

493 1742 628 1791 καλῶς
655 1740 730 1802 ἔχη
761 1742 810 1785 τὰ
842 1742 989 1785 πλεῖστ’
1020 1743 1063 1785 ἐν
1094 1741 1145 1790 ἓξ
1170 1742 1410 1800 πυλώμασιν.

147 1802 303 1858 Itaque
334 1817 403 1846 me
418 1844 422 1848 ,
431 1802 577 1860 judice
608 1802 690 1846 hac
720 1817 774 1847 ex
804 1806 931 1860 parte
961 1802 1070 1846 nihil
1091 1802 1277 1860 amplius
1300 1805 1591 1860 exspectatur.
1632 1802 1728 1848 ,Sed

148 1877 226 1906 cur
257 1863 310 1906 de
343 1862 499 1907 ceteris
531 1862 712 1907 ducibus
742 1867 834 1906 tam
853 1863 1046 1908 breviter
1066 1867 1199 1920 atque
1220 1863 1266 1906 in
1287 1864 1537 1907 universum
1558 1862 1745 1911 dicatur,

147 1924 374 1978 quaerenti
428 1927 496 1967 est
548 1924 897 1980 respondendum
951 1924 998 1967 id
1042 1924 1318 1981 potissimum
1364 1924 1506 1979 egisse
1552 1927 1728 1980 poetam

145 1986 195 2026 ut
241 1983 421 2027 nuntius
468 1984 661 2040 virgines
703 1983 867 2028 faceret
914 1984 1119 2028 certiores
1164 1983 1384 2028 interiisse
1431 1983 1652 2027 Eteoclem
1684 1987 1729 2027 et

146 2044 395 2100 Polynicem
426 2045 542 2086 inter
572 2059 618 2086 se
639 2048 901 2100 pugnantes.
948 2045 1116 2087 Deinde
1148 2043 1229 2087 viri
1251 2044 1368 2087 docti
1388 2044 1627 2087 haeserunt
1646 2044 1728 2086 hac

144 2102 187 2146 in
221 2118 268 2148 re
301 2103 418 2160 quod
449 2107 715 2161 spectatores
748 2103 802 2148 de
834 2104 954 2148 urbis
984 2103 1076 2148 fato
1112 2103 1393 2148 mitterentur
1414 2104 1568 2148 securi.
1616 2102 1728 2147 Nam

143 2165 189 2206 in
221 2165 410 2208 carmine
441 2165 529 2218 illo,
564 2165 681 2220 quod
713 2164 867 2208 chorus
899 2169 1048 2208 cantat
1091 2169 1324 2221 postquam
1356 2180 1433 2208 rex
1462 2166 1508 2208 in
1535 2179 1728 2222 pugnam

144 2223 379 2278 festinavit,
404 2225 636 2282 exponitur
654 2228 834 2282 propter
855 2225 1074 2281 quodnam
1095 2225 1190 2268 Laii
1211 2225 1365 2269 vitium
1381 2224 1728 2268 Labdacidarum

148 2299 283 2340 genus
315 2285 373 2328 ad
403 2286 629 2329 interitum
660 2286 718 2328 sit
749 2285 1034 2329 destinatum:
1069 2286 1106 2329 is
1137 2287 1253 2329 enim
1275 2300 1538 2341 quamquam
1559 2289 1629 2328 ter
1648 2284 1729 2328 hoc

146 2344 385 2388 audivisset
416 2345 637 2388 oraculum
673 2343 844 2398 »γέννας
872 2343 973 2402 ἄτερ
1003 2342 1149 2401 σῴζειν
1181 2344 1335 2395 πόλινι,
1368 2350 1516 2388 tamen
1546 2345 1728 2388 libidine

145 2408 298 2462 raptus
338 2405 478 2454 filium
516 2405 717 2462 genuisse
755 2404 926 2450 dicitur.
988 2404 1113 2449 Illius
1144 2405 1306 2449 oraculi
1337 2420 1424 2449 non
1454 2405 1728 2449 immemores

146 2466 335 2521 virgines
366 2469 568 2510 metuunt
597 2480 653 2510 ne
684 2480 799 2509 nunc
828 2480 918 2510 una
948 2481 1046 2510 cum
1079 2465 1257 2510 Eteocle
1289 2470 1335 2511 et
1355 2462 1559 2523 Polynice
1580 2466 1727 2509 fratri-

146 2526 227 2568 bus
274 2526 406 2570 caede
451 2530 606 2569 mutua
634 2527 841 2583 perituris
874 2527 1007 2569 etiam
1042 2525 1344 2570 Thebanorum
1375 2528 1479 2570 urbs
1525 2528 1726 2570 intereat.

146 2584 271 2629 Hanc
316 2600 464 2630 curam
500 2589 552 2630 ut
581 2586 721 2639 tollat,
769 2586 949 2630 nuntius
985 2587 1175 2644 primum
1212 2587 1387 2630 nuntiat
1432 2587 1586 2630 urbem
1633 2601 1728 2630 esse

147 2650 364 2690 servatam
406 2644 465 2704 (vs
496 2647 617 2703 776).
679 2646 881 2703 Virgines
926 2650 1075 2690 autem
1110 2650 1291 2704 propter
1327 2647 1513 2690 fratrum
1550 2646 1728 2691 caedem

145 2710 344 2749 mutuam
376 2708 437 2750 sic
468 2710 711 2762 agnoscunt
742 2710 787 2750 et
818 2707 976 2764 Oedipi
1007 2707 1201 2751 dirarum
1233 2711 1279 2751 et
1309 2707 1405 2751 Laii
1435 2707 1530 2751 vitii
1560 2707 1647 2750 vim
1678 2710 1729 2749 ut

143 2765 253 2810 haec
283 2766 447 2810 dicant:
493 2765 714 2824 ἐξέπραξεν
744 2766 831 2809 οὐδ’
863 2766 1031 2809 ἀπεῖπεν

492 2825 698 2884 πατρόθεν
729 2826 893 2870 εὐκταία
924 2827 1049 2884 φάτις.

489 2886 638 2943 βουλαὶ
669 2886 861 2931 δ’ἄπιστοι
895 2886 1020 2931 Λαΐου
1052 2887 1278 2948 διήρκεσαν.
