2003 3216
797 101 864 154 ’-
926 118 1103 164 49-

165 249 292 307 jiciat
337 262 436 292 eum
480 252 635 306 postea
681 263 777 293 esse
806 249 1104 307 professurum
1133 249 1351 293 neminem
1380 247 1622 291 fideliorem
1651 261 1747 291 esse

172 310 358 353 Oceano.
422 308 626 353 Ceterum
663 313 919 366 argumento
950 310 1157 367 jubemur
1185 317 1349 365 negare
1380 311 1647 376 anapaestos
1676 322 1747 351 re-

171 369 297 413 citari
340 369 396 412 ab
428 367 600 412 Oceano
637 368 684 412 in
714 383 890 413 scenam
921 368 1174 415 advolante:
1215 369 1348 412 immo
1379 367 1587 425 quoniam
1616 367 1748 425 profi-

169 433 289 473 tetur
332 428 465 472 latius
501 429 671 473 itineris
709 443 890 473 causam
919 443 1130 486 suamque
1162 442 1269 485 erga
1298 426 1606 472 Prometheum
1638 427 1748 471 ami-

171 489 330 542 citiam,
362 489 511 546 aptius
542 490 717 533 recitari
746 489 951 533 videntur
981 503 1010 532 a
1040 488 1122 533 deo
1148 489 1243 546 jam
1261 489 1308 531 in
1339 502 1472 532 scena
1501 492 1747 546 praesente.

170 549 328 606 Itaque
373 548 480 593 mihi
525 549 703 607 quidem
746 550 1008 607 interpretes
1045 563 1124 593 suo
1159 549 1259 607 jure
1297 551 1492 592 statuere
1531 547 1747 600 videntur,

172 609 277 653 dum
325 608 433 652 deus
480 614 743 667 anapaestos
773 610 941 663 recitet,
982 610 1173 666 virgines
1211 624 1339 653 suum
1369 621 1571 666 quaeque
1601 609 1648 651 in
1677 622 1749 651 or-

171 669 346 713 chestra
390 668 533 712 locum
563 684 788 726 quaerere,
836 675 1070 727 postquam
1100 684 1202 716 suos
1232 683 1385 714 versus
1414 669 1749 726 pronuntiantes

171 743 267 772 sese
298 732 348 772 ut
378 742 508 772 curru
529 728 845 773 descenderent
866 730 1134 774 accinxerint
1153 729 1394 786 eodemque
1415 732 1611 786 tempore
1635 727 1750 772 alter

173 789 455 833 advolaverit.
516 789 658 847 Atque
691 804 960 848 quamquam
990 791 1146 834 ceteris
1164 791 1212 833 in
1231 788 1470 846 tragoediis
1493 792 1571 833 aut
1591 788 1748 833 chorus

171 862 457 905 personarum
500 850 820 905 processionem
866 854 952 893 aut
986 851 1110 906 ipsae
1155 863 1370 918 personae
1409 859 1511 892 81108
1549 849 1748 905 proprios

170 913 315 953 motus
362 908 560 953 comitari
590 908 731 954 solent
777 913 1117 978 anapaestorum
1161 908 1430 962 recitatione,
1477 911 1629 953 tamen
1671 907 1750 955 illa

173 982 330 1024 quam
338 968 429 1011 dixi
458 969 628 1012 ratione
660 983 765 1012 usus
798 973 929 1025 poeta
958 983 1047 1013 non
1078 970 1171 1012 s'ine
1204 969 1387 1011 artificio
1420 982 1448 1011 a
1466 968 1564 1023 lege
1584 969 1751 1011 usitata

172 1028 404 1072 recessisse
435 1028 620 1072 videtur.
683 1028 710 1072 J
713 1042 786 1072 am
815 1033 864 1073 ut
899 1033 1176 1073 transeamus
1215 1027 1273 1071 ad
1303 1027 1426 1072 Jonis
1470 1031 1748 1085 anapaestos,

173 1089 341 1131 monuit
356 1087 654 1144 Westphalius
687 1102 762 1131 eos
793 1103 929 1131 unum
958 1092 1132 1132 tantum
1161 1088 1489 1145 hypermetrum
1507 1087 1748 1144 complecti,

175 1148 254 1192 sed
300 1147 563 1206 Aeschylum
609 1147 747 1193 solere
794 1148 1055 1206 conjungere
1101 1148 1260 1206 pluria.
1322 1147 1381 1192 At
1426 1146 1583 1192 docent
1620 1161 1750 1204 argu-

171 1212 321 1252 menta
358 1213 697 1266 anapaestorum
735 1210 844 1267 quos
880 1210 1030 1254 citavit
1068 1210 1135 1253 vir
1181 1208 1333 1252 (1001118
1375 1222 1430 1253 01
1459 1207 1750 1265 hypermetris

171 1283 307 1312 unum
337 1273 510 1313 tantum
541 1270 717 1313 solitum
749 1284 844 1314 esse
876 1270 1004 1314 citari
1033 1270 1080 1313 in
1109 1283 1397 1327 personarum
1426 1267 1752 1313 advenientium

170 1343 390 1385 processu.
452 1329 626 1372 Etenim
670 1334 721 1372 ut
766 1330 966 1373 omittam
997 1330 1147 1386 Suppl.
1185 1329 1363 1372 fabulae
1410 1343 1477 1372 vv.
1512 1329 1748 1372 933-946

171 1393 366 1433 nostram
410 1390 457 1433 in
503 1389 844 1447 disputationem
872 1403 962 1434 non
999 1389 1221 1442 cadentes,
1261 1388 1381 1446 quod
1410 1403 1478 1432 vv.
1512 1388 1748 1433 933—941

170 1450 391 1505 pertinent
437 1449 495 1491 ad
525 1449 761 1504 Pelasgum
805 1463 955 1505 regem
1001 1450 1055 1493 de
1087 1463 1219 1493 scena
1251 1448 1487 1492 abeuntem
1518 1453 1564 1491 et
1594 1449 1751 1492 ceteris

170 1508 363 1552 famulae
395 1523 448 1552 ex
478 1508 571 1552 1000
603 1509 679 1553 ubi
709 1509 978 1553 delituerunt
998 1509 1057 1553 ad
1078 1523 1204 1553 suam
1225 1522 1427 1566 quaeque
1453 1506 1608 1552 heram
1629 1522 1752 1552 aoce-

171 1568 275 1612 dere
302 1570 524 1625 jubentur,
571 1571 882 1626 pronuntiatur
928 1584 981 1613 ex
1015 1569 1133 1627 Sept.
1165 1568 1345 1613 fabulae
1378 1568 1631 1625 anapaestis
1663 1567 1750 1625 (vv.

174 1630 259 1673 840
292 1628 408 1687 sqq.)
455 1630 576 1686 prius
614 1629 952 1687 hypermetrum,
1001 1629 1106 1674 dum
1141 1629 1360 1686 Antigona
1391 1632 1435 1673 et
1464 1628 1641 1673 Ismena
1672 1643 1752 1687 ap-

171 1690 488 1746 propinquant,
534 1689 672 1733 altero
710 1695 861 1734 tamen
899 1690 1177 1749 hypermetro
1207 1690 1254 1733 in
1285 1704 1372 1747 quo
1404 1688 1653 1733 salutantur
1683 1704 1752 1733 so-

172 1764 293 1792 rores
321 1750 415 1818 jam
435 1751 482 1792 in
504 1764 636 1793 scena
656 1755 923 1806 praesentes,
957 1754 1251 1807 praeparatur
1271 1764 1448 1793 carmen
1469 1750 1751 1806 subsequens.

170 1809 339 1852 Deinde
370 1810 424 1851 118
456 1824 508 1851 01
542 1811 793 1866 anapaestis
815 1810 892 1865 qui
914 1815 1015 1853 sunt
1034 1812 1081 1853 in
1101 1810 1222 1853 Pers.
1244 1809 1421 1853 fabulae
1449 1825 1517 1853 vv.
1538 1810 1623 1853 140
1640 1823 1750 1866 8(1(1.,

171 1869 361 1912 citantur
405 1885 471 1913 vv.
499 1870 641 1913 140—-
648 1870 747 1922 149,
793 1870 898 1913 dum
933 1870 1026 1926 ipse
1062 1870 1218 1914 chorus
1249 1870 1397 1925 regiae
1431 1869 1754 1942 appropinquat

172 1928 279 1984 (vid.
314 1943 406 1972 voc.
440 1926 522 1969 τόδ’
554 1927 778 1985 ἐνεζόμενοι
808 1927 954 1983 στέγος
980 1927 1181 1988 ἁρχαῒοιᾲ,
1212 1929 1382 1986 reliqui,
1416 1930 1491 1985 qui
1523 1928 1754 1985 προσπίτνω

173 1989 383 2033 vocabulo
414 1993 595 2045 propter
628 1990 782 2035 πάντας
811 1987 868 2047 (v.
906 1987 1011 2048 154)
1042 1995 1159 2034 recte
1190 1990 1236 2033 in
1269 1987 1576 2047 προσπίτνωαεν
1608 2004 1755 2033 emen-

173 2048 276 2091 dato
309 2048 504 2091 efficiunt
523 2063 658 2090 unum
687 2048 1024 2105 hypermetrum,
1059 2050 1321 2092 comitantur
1351 2050 1549 2103 reginam
1579 2050 1626 2091 in
1657 2063 1752 2092 sce-

171 2123 275 2152 nam
306 2108 604 2165 prodeuntem.
667 2107 793 2153 Nunc
829 2113 969 2154 restat
1005 2108 1090 2154 hac
1121 2109 1277 2154 eadem
1306 2109 1353 2153 in
1383 2107 1536 2153 fabula
1567 2107 1755 2153 alterum

174 2169 437 2225 exemplum:
488 2169 628 2212 altero
670 2169 948 2226 hypermetro
997 2169 1084 2226 (vv.
1118 2167 1376 2226 899—902)
1424 2183 1451 2211 a
1487 2169 1608 2212 chori
1644 2169 1755 2212 duce

174 2228 428 2286 deploratur
463 2244 541 2272 rex
580 2229 712 2272 miser
736 2230 831 2286 jam
861 2230 907 2273 in
939 2244 1071 2273 scena
1100 2244 1323 2287 praesens,
1347 2244 1411 2272 ¹ex
1441 2228 1573 2273 tertio
1603 2230 1757 2286 incipit

172 2293 351 2345 propter
402 2289 636 2332 dialectum
686 2293 903 2333 mutatam
954 2290 1145 2347 proodus
1198 2289 1404 2333 carminis
1445 2290 1756 2347 subsequentis

173 2347 277 2405 (vid.
310 2349 459 2393 Herm.
492 2349 595 2393 edit.
629 2348 711 2393 vol.
744 2349 801 2393 II.
833 2366 875 2407 p.
909 2348 1039 2407 251);
1087 2351 1208 2406 prius
1252 2354 1399 2394 autem
1429 2349 1756 2407 hypermetrum

171 2410 383 2452 recitatur
416 2409 471 2452 ab
503 2410 598 2466 ipso
629 2424 732 2464 rege
765 2409 1039 2453 adveniente.
1091 2410 1171 2453 Est
1200 2410 1334 2466 igitur
1363 2424 1453 2453 non
1482 2409 1755 2453 haerendum

172 2469 255 2512 hac
300 2470 347 2511 in
393 2484 440 2512 re
488 2469 606 2525 quod
644 2470 766 2526 ipsae
803 2484 1017 2526 personae
1047 2470 1094 2513 in
1124 2484 1302 2514 scenam
1331 2469 1617 2526 procedentes
1648 2484 1756 2514 ana-

172 2530 338 2584 paestis
360 2532 555 2580 utuntur,
587 2530 847 2585 praesertim
873 2544 972 2573 011111
1000 2529 1183 2573 ‘dubium
1215 2544 1311 2573 esse
1340 2534 1535 2586 nequeat
1564 2531 1671 2586 quin
1703 2545 1755 2573 ex

85 2622 89 2626 .
171 2589 295 2632 initio
340 2588 447 2645 ipsis
493 2589 692 2645 personis
740 2589 1073 2634 advenientibus
1113 2589 1327 2647 ejusmodi
1359 2590 1591 2646 anapaesti
1623 2590 1757 2634 tribui

172 2650 260 2693 sint
291 2649 419 2692 soliti.
458 2649 580 2692 'Huc
618 2650 788 2693 accedit
824 2649 942 2707 quod
980 2664 1050 2694 me
1077 2650 1225 2706 judice
1260 2650 1485 2707 aptissime
1516 2651 1758 2694 recitantur

174 2709 430 2767 anaepaesti
462 2708 518 2752 ab
549 2709 657 2767 ipsis
687 2711 884 2767 personis
914 2710 962 2752 in
993 2709 1518 2767 scenam'prodeuntibus
1551 2724 1604 2753 ex
1626 2724 1754 2753 neco—

171 2770 337 2827 pinato.
402 2769 602 2813 Ceterum
633 2775 684 2814 ut
713 2770 894 2828 reliquis
926 2772 972 2815 in
1003 2770 1239 2827 tragoediis
1271 2770 1383 2814 solet
1403 2769 1644 2827 Aeschylus
1675 2770 1754 2827 hy'-

172 2835 390 2886 permetro
423 2830 481 2873 ad
508 2845 794 2887 personarum
816 2831 1051 2876 adventum
1072 2832 1310 2887 pertinenti
1332 2831 1520 2875 alterum
1541 2832 1754 2889 subjicere

172 2892 300 2947 quasi
322 2891 480 2935 cantici
502 2890 807 2948 subsequentis
827 2892 1060 2949 proodum',
1083 2892 1144 2935 sic
1166 2895 1430 2949 anapaestos
1451 2890 1479 2935 J
1481 2892 1575 2935 onis
1598 2892 1756 2948 excipit

1419 2973 1444 3011 4
