2003 3216
873 128 1167 174 -53-

233 265 299 321 (=
320 264 406 309 613
430 297 441 317 ,
475 262 563 307 684
601 261 668 318 (==
688 259 815 316 691),
864 258 1014 318 Suppl.
1062 274 1130 303 vv.
1168 258 1277 312 338,
1325 258 1411 302 381
1452 256 1521 314 (==
1540 253 1669 317 391),
1717 259 1802 303 611

231 328 297 379 (=
316 325 403 366 620
427 355 438 375 ‚
471 322 559 365 614
590 319 658 378 (=
679 317 800 377 623),
834 320 936 371 657,
973 318 1099 362 Eum.
1121 333 1186 361 vv.
1214 318 1299 362 170
1331 315 1399 375 (=
1422 318 1542 373 174).
1601 318 1688 362 Sed
1718 333 1809 361 una

231 384 278 427 in
312 397 361 427 re
398 381 537 426 nostri
581 393 734 425 versus
785 377 928 427 forma
973 380 1041 422 est
1085 375 1338 438 singularis:
1386 391 1490 420 nam
1536 378 1809 434 grammatici

230 442 398 486 nullum
428 443 699 495 notaverunt·
722 438 968 496 exemplum
998 436 1117 496 quod
1136 451 1227 481 una
1253 452 1352 480 cum
1374 437 1546 494 syllaba
1574 437 1808 481 irrationa-

230 502 333 546 liter
361 499 577 559 producta
604 498 700 543 loco
709 497 904 542 ‘alterius
933 496 1118 541 haberet
1138 495 1251 540 duas
1282 495 1477 554 syllabas
1513 497 1668 540 breves
1700 495 1806 554 (vid.

233 560 494 617 Westphalii
524 558 709 615 exempl.
741 557 823 601 sub
853 571 959 602 num
988 556 1063 601 IV.
1081 556 1303 613 compos.).

351 619 381 664 J
383 634 454 664 am
483 618 710 663 videamus
731 616 991 675 Westphalii
1021 628 1213 670 causam,
1246 629 1379 676 quam
1400 615 1576 674 quidem
1607 617 1808 662 veritatis

232 681 420 738 speciem
449 693 557 736 prae
590 693 637 723 se
667 677 784 732 ferre
819 692 948 722 nemo
979 677 1141 735 poterit
1177 690 1361 734 negare:
1409 691 1551 735 neque
1590 677 1707 721 enim
1737 678 1805 721 in-

230 741 404 784 venitur
431 739 479 782 in
509 753 588 791 sex
607 739 764 782 ceteris
785 737 959 791 fabulis,
983 751 1097 794 quae
1119 737 1297 795 quidem
1316 737 1441 780 nobis
1463 742 1566 782 sunt
1587 742 1805 791 servatae,

187 817 192 822 ’
229 799 365 844 ullum
396 812 573 842 carmen
604 799 661 842 ab
681 801 829 841 actore
850 811 937 841 uno
964 796 1142 855 soloque
1170 801 1410 841 cantatum.
1472 796 1626 855 Neque
1654 802 1804 841 tamen

229 860 330 902 huic
359 859 425 902 rei
454 858 591 902 talem
620 859 709 901 vim
738 857 1017 901 tribuendam
1053 871 1208 900 censeo
1239 856 1417 914 qualem
1452 858 1606 902 tribuit
1635 859 1703 901 vir
1731 857 1806 901 ille

231 919 397 963 doctus.
459 917 633 962 Etenim
664 918 885 975 quoniam,
909 921 968 961 ¹ut
1005 917 1138 962 etiam
1169 931 1223 961 ex
1255 917 1568 974 antiquissimis
1602 917 1805 976 Aeschyli

229 978 467 1033 tragoediis
498 978 794 1032 intelligimus,
826 979 967 1033 poetis
1000 992 1028 1020 a
1046 977 1272 1033 republica
1292 978 1472 1020 concedi
1497 977 1697 1021 solebant
1717 993 1806 1021 non

229 1037 359 1081 modo
390 1036 637 1092 choreutae,
672 1036 759 1081 sed·
783 1037 917 1081 etiam
940 1040 1110 1080 actores
1142 1035 1351 1080 cantandi
1381 1036 1523 1094 periti,
1557 1051 1649 1080 non-
1676 1036 1804 1081 video

229 1113 410 1141 causam
439 1113 517 1141 cur
546 1098 592 1140 hi
617 1102 804 1154 *cantare
834 1113 922 1141 non
953 1098 1174 1152 potuerint
1204 1098 1288 1139 nisi
1319 1112 1418 1140 cum
1449 1097 1578 1140 choro
1598 1098 1802 1141 invicem:

224 1158 368 1210 immo,
401 1157 448 1200 ni
476 1156 617 1210 fallor,
650 1156 812 1202 licebat
831 1156 972 1215 poetis
999 1170 1078 1200 suo
1100 1170 1154 1200 ex
1187 1156 1367 1200 arbitrio
1398 1157 1452 1199 iis
1483 1157 1675 1200 tribuere
1697 1171 1802 1200 can-

225 1219 314 1262 tica
354 1218 542 1274 ideoque
589 1218 773 1262 dixerim
818 1218 952 1262 etiam
994 1217 1256 1274 Aeschylum
1302 1232 1560 1274 componere
1606 1218 1803 1275 potuisse

225 1277 421 1321 carmina
451 1278 527 1321 uni
558 1277 639 1321 soli
670 1278 809 1321 actori
839 1278 1071 1321 cantanda.

344 1337 466 1389 Quae
503 1353 601 1382 cum
636 1339 702 1382 ita
732 1339 838 1391 sint,
888 1338 996 1381 satis
1027 1336 1270 1382 ostendisse
1317 1337 1422 1380 1111111
1467 1337 1618 1382 videor
1661 1338 1804 1382 levem

223 1397 528 1455 infirmamque
561 1412 656 1442 esse
687 1412 868 1442 causam
897 1397 1019 1441 illam
1051 1412 1078 1441 a
1099 1397 1370 1455 Westphalio
1402 1396 1584 1442 allatam
1605 1402 1655 1442 ut
1675 1397 1803 1442 Jonis

223 1458 441 1501 canticum
489 1459 545 1502 ab
591 1458 804 1516 Aeschylo
857 1458 1148 1515 abjudicaret:
1197 1463 1376 1514 propter
1427 1473 1668 1502 connexum
1715 1474 1802 1515 quo

222 1522 397 1562 tenetur
434 1532 533 1562 cum
571 1533 704 1562 scena
739 1519 939 1575 proxima
976 1532 1077 1562 vere
1108 1517 1363 1575 Aeschylea,
1411 1522 1588 1575 propter
1617 1519 1802 1562 virtutes

223 1577 476 1629 nonnullas,
526 1593 637 1636 quas
681 1578 846 1623 habent
884 1583 928 1622 et
959 1582 1263 1634 argumentum
1295 1582 1339 1622 et
1369 1579 1511 1622 oratio
1543 1583 1588 1623 et
1618 1580 1800 1630 numeri,

224 1652 398 1682 carmen
428 1639 513 1695 ipsi
558 1643 714 1696 poetae
763 1638 1100 1682 adscribendum
1146 1652 1242 1682 esse
1289 1638 1601 1683 contenderim.
1677 1639 1802 1683 Idem

224 1698 329 1741 mihi
360 1699 535 1743 videtur
565 1713 661 1743 esse
693 1698 976 1743 statuendum
1007 1695 1062 1742 de
1095 1700 1349 1755 anapaestis
1386 1714 1572 1756 quorum
1592 1700 1802 1743 ‘rationes

222 1758 465 1815 singulares
499 1764 762 1804 excusantur
793 1763 927 1816 atque
959 1757 1253 1803 defenduntur
1281 1759 1417 1803 totius
1447 1759 1623 1804 fabulae
1654 1759 1798 1803 indole

222 1824 300 1863 aut
331 1819 429 1865 aliis
461 1821 604 1863 causis
638 1819 918 1876 gravissimis.
998 1819 1085 1863 Sed
1116 1818 1331 1877 quidquid
1372 1819 1633 1877 judicabunt
1662 1821 1798 1864 inter-

220 1883 444 1936 pretes‘et
475 1880 530 1924 de
561 1879 688 1924 Jonis
720 1879 879 1924 cantici
910 1883 955 1924 et
991 1879 1046 1923 de
1086 1883 1427 1936 anapaestorum
1458 1880 1644 1937 origine,
1692 1880 1801 1925 haec
1885 1895 1888 1899 ·

218 1939 325 1983 mihi
355 1940 533 1997 quidem
572 1955 743 1997 semper
788 1940 1050 1984 constabunt
1087 1944 1132 1983 et
1161 1940 1458 1984 trimetrorum
1494 1955 1699 1984 versuum
1729 1955 1801 1985 res

219 1999 419 2058 proprias
472 2004 605 2057 atque
657 2000 903 2057 singulares
952 2013 1157 2044 manasse
1211 2014 1265 2044 ex
1317 2014 1463 2044 rerum
1514 2000 1802 2058 singularium

220 2062 488 2113 narratione,
512 2065 557 2104 et
578 2061 795 2109 erravisse
815 2060 1085 2104 Kolischium
1106 2074 1206 2103 cum
1226 2064 1444 2104 statueret
1464 2075 1559 2105 esse
1581 2061 1628 2104 in
1647 2061 1802 2105 fabula

220 2120 419 2164 diversas
449 2120 647 2165 fictiones
679 2134 842 2178 easque
875 2120 1057 2164 diversis
1095 2120 1363 2178 temporibus
1395 2121 1452 2164 ab
1484 2120 1637 2165 eodem
1667 2125 1801 2178 poeta

217 2181 439 2225 inventas:
487 2196 591 2225 nam
622 2196 891 2238 quamquam
921 2196 1009 2225 non
1046 2184 1192 2237 potest
1228 2182 1383 2237 negari
1413 2181 1575 2226 multas
1613 2181 1799 2226 difficul-

221 2244 338 2285 tates
369 2244 526 2299 poetae
564 2255 660 2286 esse
698 2242 875 2286 obortas
913 2255 985 2286 res
1032 2240 1351 2285 diversissimas
1396 2241 1512 2286 inter
1541 2256 1588 2286 se
1619 2241 1799 2286 coniun-

221 2302 353 2357 genti,
371 2306 522 2346 tamen
543 2317 712 2358 paucae
729 2306 903 2346 tantum
923 2306 1229 2347 remanserunt
1247 2302 1290 2345 in
1314 2301 1546 2358 tragoedia
1560 2302 1799 2360 perpolita3

218 2366 388 2406 ceteras
417 2362 504 2418 ipsi
541 2362 658 2407 docti
694 2363 906 2407 struxisse
951 2362 1157 2407 videntur
1201 2361 1336 2407 falsas
1372 2362 1694 2420 interpretandi
1725 2377 1797 2406 ra-

217 2422 359 2467 tiones
390 2423 540 2467 secuti.
785 2432 787 2434 ’
