2003 3216
821 115 1119 162 ..61-

181 250 248 294 1)0
267 247 488 292 nonnullis
510 251 658 292 autem
678 246 1026 301 difficultatibus,
1059 261 1174 303 quae
1199 244 1478 292 offenderunt
1496 248 1759 305 interpretes

180 309 227 352 in
257 324 324 353 vv.
347 307 598 360 427—432‚
629 305 747 351 infra
779 307 1024 352 accuratius
1056 307 1282 354 disseram.

298 367 422 411 Idem
468 367 585 425 quod
611 368 804 424 judicavi
834 368 888 411 de
917 383 987 412 vv.
1020 367 1257 412 427—435
1290 371 1358 411 est
1389 368 1676 424 judicandum⁴
1702 367 1757 411 de

180 444 249 473 vv.
272 428 523 478 899—905.
584 427 787 485 Namque
818 442 874 472 ne
904 427 984 472 hos
1008 426 1194 484 quidem
1224 441 1375 472 versus
1408 426 1460 471 G.
1482 426 1760 472 Hermannus

180 491 231 532 ut
262 487 372 531 31100
403 488 602 531 omittam
633 488 710 544 qui
738 488 853 531 idem
884 492 987 532 ante
1017 502 1117 532 eum
1148 491 1251 532 sunt
1269 488 1428 539 eonati,
1447 489 1567 544 juste
1588 487 1760 543 redegit

179 548 226 590 in
263 561 464 591 numeros
503 548 848 605 antistrophicos.
909 547 1083 594 Etenim
1119 561 1389 605 quamquam
1418 551 1549 591 recte·
1566 551 1758 591 mutasse

180 607 352 650 videtur
397 605 460 648 ὅτι
502 607 549 649 111
585 605 658 649 ὅτε
692 607 976 664 particulam,
1016 610 1067 650 ut
1098 611 1216 653 esset
1250 606 1348 648 »ὅτε
1378 606 1531 663 ὁμαλὸς
1558 606 1582 646 ὁ
1604 606 1754 662 γάμος(

180 666 399 710 sententia
448 667 699 723 temporalis
743 682 857 723 quae
894 666 986 711 fere
1023 667 1201 711 abiisset
1244 667 1291 710 in
1337 665 1612 711 enuntiatum
1657 680 1758 710 con-

180 725 401 779 ditionale,
433 728 582 770 tamen
612 727 798 784 primum
828 725 926 769 οὐδέ
946 727 1206 784 particulae,
1240 740 1372 783 quam
1402 729 1504 769 ante
1536 724 1653 767 δέδια
1679 741 1757 782 po-

178 786 267 830 suit
296 786 391 830 loco
421 783 483 837 οὐ,
520 787 643 831 110113
672 801 805 832 03003
833 791 979 844 potest
1009 787 1266 844 excogitari3
1304 786 1463 831 deinde·
1500 786 1548 829 in
1577 802 1646 830 vv.
1669 787 1756 831 900

181 846 348 898 -901,
396 846 442 888 111
488 860 595 901 quos
638 847 717 893 1110
759 850 862 891 ante
909 845 1155 904 κρεισσόνων
1198 846 1434 890 inculcavit
1480 858 1550 887 του
1589 843 1757 901 (τινος)

179 909 396 978 propter
403 906 665 950 sententiam
710 906 817 950 nihil
861 921 1038 963 prorsus
1075 905 1595 957 (1001(101·31;01·;1;311(10111
1623 906 1758 949 verba

179 965 344 1007 tradita
363 962 544 1021 ἄφυκτον
565 960 675 1021 ὄμμα
698 964 945 1022 προσδράκοι
959 979 1016 1021 με
1038 966 1224 1008 mutavit
1238 962 1482 1008 liberrime:
1515 965 1758 1021 postposuit

180 1025 295 1069 enim
342 1038 399 1082 με
442 1038 680 1082 pronomen
726 1024 791 1068 1111
838 1038 921 1076 του,
971 1024 1143 1082 reliqua
1187 1027 1336 1069 autem
1381 1024 1652 1081 transposuit
1698 1025 1759 1067 sie

185 1082 462 1141 »προσδράκοι
480 1081 574 1153 '13'chss
601 1083 825 1140 dpvxrw«.

296 1143 397 1188 Jam
417 1144 493 1201 qui
515 1143 691 1201 quidem
708 1144 904 1189 tabulam
933 1144 1170 1203 inspexerit
1201 1157 1333 1201 quam
1363 1143 1418 1188 (10
1433 1142 1638 1201 Aeschyli
1667 1146 1757 1187 tra—

179 1204 431 1259 goediarum
454 1205 632 1249 canticis
652 1205 947 1262 Westphalius
975 1206 1200 1262 exscripsit
1218 1206 1266 1248 in
1285 1204 1456 1260 Proleg.
1473 1219 1545 1260 pp.
1565 1205 1755 1256 10—13‚

176 1263 304 1308 facile
333 1263 551 1320 intelliget
579 1264 723 1308 Prom.
754 1264 928 1308 fabulae
956 1265 1152 1310 carmina
1180 1267 1274 1308 tam
1302 1278 1459 1322 parum
1489 1278 1582 1307 esse
1613 1263 1759 1321 ampla

177 1328 228 1368 ut
257 1325 413 1368 mirum
434 1325 479 1368 in
500 1324 678 1368 1110ᾶο111
699 1325 906 1369 differant
926 1339 954 1369 a
972 1339 1140 1370 summa
1160 1325 1399 1369 carminum
1420 1324 1589 1382 Aeschy
1589 1324 1757 1368 leorum

175 1384 477 1453 amplitudine.
539 1384 715 1427 Etenim
750 1385 879 1453 hujus
916 1388 1073 1441 poetae
1111 1386 1280 1429 cantica
1308 1384 1470 1428 habere
1502 1386 1645 1428 solent
1674 1386 1756 1427 mi-

176 1444 342 1488 nimum
371 1445 458 1488 tria
488 1445 727 1489 carminum
757 1444 901 1502 paria3
931 1459 1075 1503 neque
1106 1448 1255 1489 tamen
1285 1458 1386 1489 raro
1415 1444 1469 1488 fit
1497 1447 1548 1488 ut
1566 1444 1758 1488 habeant

179 1506 371 1559 quinque
404 1505 596 1548 carmina
626 1506 840 1561 antistrop
840 1505 951 1548 hica.
1013 1505 1166 1561 Agam.
1198 1519 1302 1549 vero
1332 1505 1508 1548 fabulae
1541 1503 1756 1548 canticum

175 1564 296 1622 prius
328 1563 629 1622 complectitur
659 1567 839 1623 septem,
872 1564 992 1622 prius
1025 1564 1176 1624 Suppl.
1206 1564 1381 1608 fabulae
1413 1564 1629 1608 canticum
1659 1567 1756 1608 octo

176 1624 376 1679 strophas
420 1625 815 1680 antistrophasque.
883 1624 983 1667 Tria
1027 1629 1200 1668 tantum
1245 1629 1398 1668 extant
1443 1625 1636 1668 earmina
1679 1624 1757 1667 illa

175 1681 318 1727 Prom.
349 1682 524 1727 fabulae
557 1684 726 1728 cantica
756 1684 1042 1740 amplitudine
1088 1698 1176 1727 non
1222 1685 1487 1740 superantia.
1549 1684 1755 1727 Attamen

178 1744 366 1800 primum
397 1743 517 1787 chori
547 1745 730 1797 cantica,
764 1755 876 1799 quae
908 1747 1010 1787 sunt
1039 1745 1083 1787 in
1104 1744 1235 1801 hujus
1267 1744 1463 1801 ejusdem
1482 1743 1656 1788 fabulae
1678 1758 1755 1801 pa-

174 1803 294 1856 rodo,
329 1804 471 1847 solent
503 1804 644 1861 excipi
663 1803 912 1848 Promethei
942 1805 1205 1862 anapaestis,
1238 1808 1372 1860 atque
1392 1804 1553 1847 habere
1581 1804 1757 1848 videtur

174 1864 365 1922 parodus
382 1865 586 1909 universa
606 1865 936 1922 amplitudinem
957 1864 1170 1923 Aeschylo
1193 1865 1381 1921 dignam.
1411 1864 1579 1908 Deinde
1601 1864 1752 1920 Agam.

173 1924 347 1968 fabulae
394 1925 481 1968 (100
526 1926 764 1968 carminum
809 1926 933 1982 paria
970 1940 1082 1980 quae
1123 1929 1226 1968 sunt
1262 1926 1308 1968 in
1338 1942 1405 1969 vv.
1441 1926 1674 1969 938—-987
1710 1929 1756 1968 et

172 1985 269 2042 ipsa
314 1999 530 2028 summum
574 1999 779 2032 versuum
817 1988 972 2029 tenent
1000 2000 1232 2029 numerum
1260 1984 1446 2041 ideoque
1478 1985 1550 2028 vix
1580 1984 1756 2028 videtur

174 2059 269 2088 esse
301 2045 464 2088 violata
493 2045 564 2088 lex
585 2045 839 2102 Aeschylea.
901 2045 1009 2088 Tum
1032 2045 1151 2102 Sept.
1172 2045 1346 2089 fabulae
1374 2046 1602 2097 canticum,
1635 2045 1754 2101 quod

176 2108 242 2149 est
286 2106 332 2148 in
378 2121 445 2149 vv.
479 2105 729 2158 813—839,
779 2119 832 2148 ea
877 2105 933 2148 de
969 2119 1099 2149 causa
1134 2119 1162 2148 a
1192 2109 1323 2162 poeta
1352 2120 1440 2148 non
1471 2105 1658 2161 amplius
1689 2108 1756 2148 est

172 2165 430 2221 productum
463 2165 582 2221 quod
612 2166 944 2223 interrumpitur
964 2165 1209 2221 Antigonae
1241 2170 1287 2209 et
1316 2166 1515 2209 Ismenae
1542 2165 1751 2209 adventu:

173 2239 285 2281 quae
316 2228 549 2282 postquam
581 2239 707 2269 suum
736 2226 783 2269 in
811 2225 955 2269 locum
974 2229 1292 2283 processerunt,
1326 2225 1468 2269 denuo
1490 2224 1645 2269 chorus
1666 2239 1755 2268 una

176 2300 274 2329 cum
303 2287 357 2329 iis
387 2286 611 2343 planetum
642 2286 773 2330 edere
803 2287 960 2343 pergit.

291 2345 447 2402 Itaque
479 2346 717 2390 carminum
747 2346 937 2390 brevitas
970 2349 1039 2391 est
1069 2347 1210 2403 prima
1240 2359 1373 2391 causa
1403 2360 1478 2389 eur
1508 2360 1561 2389 ea
1580 2347 1752 2403 abipso

175 2405 388 2463 Aeschylo
434 2405 631 2464 profecta
677 2421 770 2451 esse
818 2420 985 2463 negem.
1048 2406 1200 2451 Altera
1245 2420 1379 2452 eausa
1422 2407 1579 2450 nititur
1616 2420 1669 2450 03
1704 2421 1752 2450 re

172 2466 290 2521 quod
321 2468 514 2510 omnium
544 2466 636 2511 fere
667 2467 906 2511 carminum
926 2468 1097 2522 numeri
1117 2467 1353 2512 abhorrent
1373 2481 1400 2510 a
1419 2481 1540 2511 more
1561 2467 1752 2524 Aeschy-

171 2526 254 2579 leo,
287 2541 427 2583 pauca
457 2526 569 2570 tales
598 2526 762 2571 habent
792 2529 995 2571 numeros
1027 2527 1180 2584 quales
1209 2528 1492 2572 inveniuntur
1522 2528 1654 2570 etiam
1681 2542 1752 2571 ce—

170 2587 277 2629 teris
320 2587 367 2629 in
412 2586 663 2642 tragoediis,
726 2587 784 2629 Et
828 2587 1017 2644 primum
1063 2589 1257 2631 earmina
1299 2601 1412 2642 quae
1449 2591 1553 2629 sunt
1592 2587 1695 2630 inde
1726 2587 1753 2629 a

170 2662 212 2690 v.
234 2645 317 2690 401
351 2647 504 2691 iisdem
535 2646 628 2691 fere
658 2648 851 2691 numeris
880 2650 1067 2691 utuntur
1096 2650 1229 2704 atque
1260 2647 1415 2705 paredi
1435 2648 1556 2704 prius
1577 2661 1752 2691 carmen

135 2723 137 2725 ·
171 2707 550 2763 antistrophicum:
585 2722 694 2763 quos
724 2722 929 2751 numeros
960 2708 1163 2765 Aeschyli
1193 2712 1288 2751 arte
1320 2723 1407 2751 non
1436 2722 1532 2750 esse
1553 2709 1752 2763 indignos

171 2780 304 2822 supra
349 2767 410 2825 (p.
434 2767 512 2823 56)
559 2768 666 2811 satis
711 2767 898 2822 ostendi.
961 2768 1056 2812 Hoc
1101 2783 1237 2811 unum
1282 2782 1437 2811 moneo
1468 2769 1659 2811 omnium
1692 2768 1750 2811 si-

170 2827 354 2870 millima
390 2842 485 2870 esse
523 2827 591 2870 his
629 2829 890 2871 carminibus
922 2828 1042 2885 Sept.
1076 2828 1249 2872 fabulae
1282 2829 1474 2872 carmina
1505 2842 1616 2883 quae
1649 2831 1752 2870 sunt

169 2887 215 2928 in
245 2903 312 2932 vv.
336 2888 422 2931 703
455 2902 551 2944 sqq.
