2003 3216
829 134 895 142 ,-
957 105 1134 151 43-

199 243 387 301 primum
437 254 516 284 suo
561 239 681 297 jure.
711 237 1084 296 reprehenderunt
1132 237 1392 294 interpretes
1444 237 1562 294 quod
1605 236 1778 295 Jupiter

202 315 469 358 quamquam
517 299 757 342 audivisset
794 299 1069 342 concubitum
1113 297 1289 354 quando
1328 298 1410 341 sibi
1447 298 1643 341 futurum
1679 312 1775 341 esse

201 361 502 420 perniciosum,
538 358 648 403 adeo
678 357 858 402 libidine
889 361 1119 415 raperetur
1144 361 1194 401 ut
1224 358 1528 401 concumberet
1548 371 1646 401 cum
1665 356 1776 401 Jone

203 427 246 466 et
262 421 487 464 Alcmena:
510 432 700 475 namque
722 433 774 462 ex
794 418 879 461 hac
893 418 1085 471 tandem,
1108 432 1224 474 quae
1239 419 1337 474 ipsa
1354 419 1410 461 ab
1428 418 1569 461 altera
1582 418 1795 464 traheret.

201 482 430 537 originem,
484 478 733 524 Promethei
788 477 1068 522 liberatorem
1124 492 1219 521 esse
1270 482 1488 521 naturum.
1580 478 1778 521 Alteram

201 541 503 585 difficultatem
534 539 737 595 equidem
764 538 870 582 mihi
898 540 944 582 in
975 538 1129 582 eodem
1153 538 1277 582 Jonis
1309 539 1502 595 episodio
1534 538 1776 595 depreden-

202 602 319 644 disse
362 599 524 643 videor.
602 598 755 654 Neque
802 598 917 642 enim
956 601 1207 655 potuerunt,
1254 598 1301 641 ni
1329 598 1474 650 fallor,
1522 602 1777 655 exspectare

204 660 425 704 auditores
457 659 670 714 virginem
710 672 805 701 esse
841 659 1210 714 interrogaturam
1241 659 1441 714 quisnam
1471 658 1778 702 Prometheum

200 719 382 764 vinculis
422 723 538 762 esset
582 718 861 761 liberaturus.
943 717 1058 761 Nam
1102 721 1336 775 postquam
1369 718 1523 762 Jovem
1560 718 1700 761 filium
1730 732 1777 761 se

200 782 295 837 ipso
327 779 596 836 superiorem
643 778 890 834 geniturum
920 792 1015 822 esse
1047 779 1256 836 comperit
1293 782 1425 835 atque
1464 778 1632 822 audivit
1660 779 1777 835 peri-

205 841 350 884 culum
381 854 469 882 non
498 853 627 896 posse
661 840 800 882 averti
819 839 903 881 nisi
933 838 1052 881 illius
1083 839 1266 882 vinculis
1297 839 1431 882 soluti
1459 839 1683 890 beneficio,
1716 839 1779 881 sic

200 900 291 943 fere
330 900 483 955 opinor
520 900 761 942 orationem
806 899 1066 942 instituisset
1095 902 1145 942 ut
1175 898 1339 942 diceret
1374 903 1553 955 propter
1597 909 1778 942 causam

202 959 331 1003 modo
362 962 745 1002 commemoratam
784 958 971 1002 alterum
1007 972 1135 1015 posse
1173 972 1352 1015 sperare
1399 972 1495 1001 sese
1528 972 1556 1001 a
1584 958 1692 1001 Jove
1723 959 1779 1000 iri

201 1020 445 1071 liberatum,
494 1019 579 1061 nisi
608 1018 817 1062 voluisset
860 1022 993 1074 poeta
1039 1018 1259 1074 quaedam
1305 1019 1460 1074 subjici
1498 1018 1553 1061 de
1589 1018 1779 1062 Hercule

203 1079 346 1121 altera
390 1078 437 1120 111
482 1077 636 1121 fabula
672 1077 978 1121 Prometheum
1026 1077 1178 1133 aquila
1223 1078 1477 1133 catenisque
1524 1077 1775 1121 liberaturo.

201 1139 323 1181 Haec
375 1141 442 1181 est
487 1152 622 1180 causa
673 1152 751 1180 cur
800 1138 942 1193 virgo,
996 1137 1115 1193 quod
1162 1137 1338 1193 quidem
1367 1152 1495 1181 nemo
1539 1142 1775 1194 exspectet,

201 1199 457 1253 interroget:

488 1256 545 1307 τίς
572 1255 643 1300 οὖν
674 1258 697 1298 ὁ
728 1256 860 1300 λύσων
891 1256 995 1300 ἐστὶν
1027 1254 1191 1307 ἄκοντος
1219 1256 1328 1307 Διός,·

321 1318 408 1361 Sed
437 1318 518 1361 1100
539 1318 594 1361 de
614 1318 827 1361 versiculo
859 1333 945 1361 11011
965 1332 1108 1373 pauca
1129 1322 1231 1361 sunt
1257 1318 1541 1374 subjicienda.
1604 1317 1779 1361 Etenim

200 1378 388 1435 primum
408 1377 573 1435 Freyus
595 1379 762 1422 monuit
781 1378 828 1421 in
849 1378 1131 1422 adnotatione
1152 1394 1193 1436 p.
1220 1379 1274 1422 10
1297 1379 1542 1435 subscripta
1567 1378 1781 1421 vocabula

206 1436 404 1482 »ἄκοντος
440 1437 554 1483 Διός«
605 1439 747 1482 fronte
795 1439 982 1482 adversa
1027 1454 1273 1495 repugnare
1321 1440 1362 1482 ei
1406 1440 1472 1482 rei
1523 1438 1641 1494 quod
1686 1439 1780 1494 ipse

200 1497 481 1540 Prometheus
504 1497 601 1540 aliis
622 1498 728 1541 10018
749 1498 1028 1554 profiteretur
1046 1498 1198 1541 Jovem
1224 1499 1368 1555 ipsum
1394 1498 1570 1554 quando
1598 1498 1780 1540 vinculis

204 1573 299 1601 sese
331 1572 426 1601 esse
458 1558 757 1602 liberaturum.
835 1558 1004 1603 Deinde
1042 1558 1257 1603 vocabula
1293 1558 1374 1602 illa
1404 1573 1483 1615 per
1521 1573 1568 1602 se
1605 1562 1780 1602 movent

203 1618 503 1675 suspicionem.
592 1618 764 1662 Etenim
813 1622 1059 1676 postquam·
1098 1618 1193 1681 ille.
1224 1619 1518 1675 interrogatus
1570 1623 1779 1675 ,possetne

202 1679 423 1735 prohiberi
454 1680 612 1722 summi
649 1679 720 1723 dei
757 1680 1012 1736 periculum,
1044 1679 1140 1723 fieri
1170 1694 1298 1736 posse
1330 1679 1524 1735 negavit,
1572 1679 1657 1722 nisi
1687 1679 1778 1735 ipse

202 1739 385 1781 vinculis
418 1743 534 1782 esset
554 1739 735 1792 solutus,
767 1743 1082 1796 exspectamus,
1116 1743 1166 1782 ut
1194 1740 1408 1782 retineam
1428 1739 1780 1794 interrogationis

202 1798 387 1842 formam
417 1799 501 1856 ipsi
533 1804 688 1855 poetae
720 1799 948 1857 placitam,
996 1799 1105 1844 haec
1156 1799 1384 1855 »quisnam
1414 1799 1535 1844 Jovis
1576 1799 1703 1856 jussu
1734 1803 1778 1843 te

202 1860 454 1910 liberabit«;
487 1857 658 1904 ἄκοντος·
685 1860 861 1916 quidem
891 1860 1195 1915 significationi
1225 1862 1404 1916 prorsus
1435 1860 1583 1903 obstat
1604 1864 1778 1903 senten-

205 1920 368 1963 tiarum
405 1934 637 1963 connexus.
700 1919 993 1964 Weckleinius
1029 1920 1163 1976 igitur
1191 1920 1238 1963 in
1269 1920 1465 1976 opusculi
1496 1920 1613 1976 quod
1644 1934 1779 1977 supra

202 1980 332 2022 citavi
371 1996 412 2035 p.
452 1982 510 2023 30
550 1995 628 2023 suo
659 1981 758 2036 jure
803 1980 923 2023 fac-ili
967 1981 1208 2023 mutatione
1255 1980 1452 2024 adhibita
1503 1980 1778 2024 scribendum

203 2041 430 2096 proposuit
479 2036 683 2086 »εἴκοντος
712 2038 826 2086 Διός(
876 2040 919 2083 h.
953 2055 989 2084 e.
1037 2040 1218 2084 cedente
1248 2039 1378 2092 Jove;
1424 2054 1614 2096 namque
1661 2039 1778 2096 quod

172 2106 188 2118 “
202 2100 342 2144 suasit
378 2100 496 2144 idem
532 2100 646 2144 hanc
696 2099 913 2146 »ἄκοντοςα
963 2101 1164 2145 vocabuli
1209 2100 1542 2157 explicationem
1577 2105 1627 2145 ut
1664 2105 1780 2144 esset

201 2160 296 2203 loco
329 2160 529 2203 dictionis
565 2158 663 2217 »βίᾳ
695 2162 904 2217 φρενῶνι,
938 2161 1066 2216 quasi
1084 2161 1258 2217 Jupiter
1289 2175 1389 2204 eum
1419 2162 1584 2205 solvere
1613 2161 1778 2204 dicere-

201 2224 274 2262 tur
301 2224 490 2268 coactus,
516 2220 621 2263 mihi
642 2220 818 2275 quidem
833 2221 961 2263 nimis
984 2224 1137 2276 argute
1158 2220 1332 2264 videtur
1353 2235 1448 2264 esse
1471 2222 1777 2277 excogitatum.

204 2279 377 2335 Optime
408 2294 538 2337 porro
568 2279 687 2324 idem
722 2280 937 2338 interpres
975 2295 1089 2337 quae
1123 2295 1151 2325 a
1180 2280 1433 2325 Philodemo
1473 2286 1575 2325 sunt
1612 2276 1779 2325 tradita

202 2339 465 2396 (Gomper'zii
502 2340 616 2384 stud.
657 2340 786 2384 Herc.
817 2341 873 2384 ΙΙ.
913 2342 984 2384 41.
1024 2341 1221 2398 Westph.
1258 2342 1368 2398 prol.
1401 2357 1444 2398 p.-
1478 2343 1578 2385 223.
1612 2341 1776 2385 Weckl.

201 2417 241 2458 p.
276 2398 353 2460 26)
386 2416 439 2445 ex
469 2400 672 2459 Aeschyli
708 2401 882 2446 fictione
912 2401 1219 2446 Prometheum
1249 2406 1349 2459 post
1377 2401 1595 2446 Themidis
1626 2402 1778 2446 vatici-

200 2462 321 2504 nium
362 2463 693 2518 pronuntiatum
724 2477 820 2506 esse
852 2463 1060 2515 solutum,
1109 2467 1154 2506 et
1184 2473 1299 2518 quae
1331 2468 1433 2506 sunt
1472 2463 1590 2520 apud
1635 2464 1777 2519 ipsum

198 2526 371 2578 poetam
406 2519 493 2581 (vv.
531 2522 778 2575 174-180,
813 2523 1068 2576 526-527,
1104 2523 1212 2575 768,
1247 2521 1504 2581 988-990)
1536 2522 1660 2565 11111111
1691 2537 1778 2565 11011

201 2597 297 2625 0880
329 2582 601 2626 detecturum
631 2583 884 2625 vaticinium
915 2583 999 2626 nisi
1029 2584 1151 2639 prius
1182 2583 1364 2626 vinculis
1386 2584 1631 2635 liberatum,
1663 2584 1779 2626 inter

201 2656 248 2685 se
280 2642 503 2698 conjunxit
534 2642 596 2685 sic
616 2646 666 2685 ut
695 2647 953 2699 provocaret
984 2642 1042 2686 ad
1074 2647 1379 2699 argumentum
1409 2643 1571 2700 Hygini
1601 2642 1777 2686 fabulae

204 2702 278 2754 14,
319 2702 437 2758 quod
468 2707 773 2759 argumentum
805 2717 858 2746 ex
887 2703 1025 2760 ipsius
1056 2702 1259 2760 Aeschyli
1296 2703 1535 2759 tragoediis
1572 2703 1777 2747 haustum

201 2776 297 2805 esse
344 2763 529 2807 censuit:
576 2763 728 2819 itaque
766 2764 922 2807 statuit
961 2762 1079 2821 apud
1115 2763 1230 2807 hunc
1275 2764 1419 2820 ipsum
1464 2768 1640 2820 poetam
1670 2763 1776 2811 Prof-

199 2822 419 2867 metheum
440 2824 757 2881 pronuntiasse
788 2823 897 2868 illud
918 2824 1072 2868 matris
1092 2824 1357 2877 vaticinium,
1391 2828 1622 2881 postquam
1643 2823 1776 2867 fidem

202 2883 440 2940 accepisset
481 2897 577 2927 sese
624 2888 724 2942 post
767 2885 1166 2942 pronuntiationem
1193 2885 1261 2950 'iri
1299 2884 1498 2929 solutum.
1575 2884 1701 2929 Hane
1731 2884 1777 2930 in
