2003 3216
890 97 1186 139 „34-

246 227 471 282 cujusdam
518 229 593 282 qui
637 229 731 284 ipse
775 229 868 270 sine
911 228 1043 270 dubio
1080 228 1281 270 laesisset
1318 228 1499 271 alterius
1536 229 1823 284 majestatem.

247 285 426 329 Summa
461 288 597 342 igitur
632 290 788 343 poetae
826 286 978 341 religio
1017 288 1057 329 ei
1095 301 1223 330 versa
1259 286 1493 330 videbatur
1531 300 1746 330 summam
1782 288 1827 329 in

243 346 528 402 impietatem.
589 346 713 390 Idem
749 345 841 390 fere
881 346 1155 390 Steusloffius
1194 348 1371 404 repetiit
1407 346 1482 391 illo
1519 348 1562 390 in
1603 361 1827 404 program-

242 410 373 458 mate,
422 421 519 448 cum
566 406 820 449 ostenderet
866 421 965 449 eum
1011 407 1057 449 in
1104 406 1284 449 deorum
1319 408 1559 464 principem
1590 408 1657 449 uti
1688 407 1826 450 solere

243 478 413 507 summa
442 466 607 522 pietate
640 469 772 521 atque
805 469 980 509 notaret
1019 470 1231 522 quantum
1276 467 1532 510 interesset*
1554 467 1667 509 hanc
1711 468 1827 509 inter

242 525 453 581 pietatem
492 529 538 568 et
573 526 690 569 inter
727 526 870 569 Prom.
902 525 1078 569 fabulae
1116 526 1383 581 religionem.
1465 526 1551 570 Sed
1583 541 1653 569 me
1680 526 1825 583 judice

240 588 372 640 poeta
402 584 554 627 dedita
584 599 718 642 opera
748 587 930 628 recessit
960 599 988 628 a
1018 587 1107 628 suis
1128 584 1314 642 propriis
1342 586 1549 637 moribus,
1584 590 1716 641 atque
1748 586 1825 629 de-

240 644 437 687 fenditur
469 644 702 689 diversitas
734 646 868 688 totius
899 646 1100 701 trilogiae
1133 646 1310 689 consilio
1342 649 1475 702 atque
1506 645 1665 689 indole.
1712 645 1824 689 Nam

239 705 312 747 vix
342 719 573 760 possumus
606 705 807 749 dubitare
839 707 945 761 quin
977 706 1219 749 ostenderit
1248 706 1369 749 Jovis
1400 707 1604 758 animum,
1637 706 1825 762 primum

239 778 443 821 asperum
491 769 536 808 et
566 765 859 818 libidinosum,
907 770 1063 823 postea
1110 780 1206 810 esse
1228 763 1231 765 “
1252 769 1469 809 mutatum
1506 769 1551 809 et
1588 780 1684 809 esse
1724 780 1823 809 eum

238 826 431 867 omnium
464 825 646 868 deorum
677 827 889 882 optimum
911 830 1045 881 atque
1063 827 1368 883 justissimum.
1420 826 1590 869 Deinde
1611 826 1822 881 religione

236 884 314 927 illa
344 884 420 927 alii
451 885 623 928 cuidam
644 886 811 928 auctori
832 886 1063 942 adscripta,
1097 901 1184 929 non
1210 885 1472 942 perspicitur
1493 886 1708 941 quomodo
1729 886 1822 942 ipse

237 944 454 1000 Aechylus
488 959 612 988 suam
642 945 834 988 fabulam
865 945 1132 989 formaverit.
1194 945 1320 989 Adde
1353 946 1470 1000 quod
1501 946 1670 988 nullum
1700 946 1820 988 inve-

236 1004 357 1046 nitur
386 1005 620 1059 vestigium
660 1004 777 1059 quod
814 1005 1020 1047 ostendat
1050 1005 1169 1047 illam
1201 1005 1297 1047 aliis
1331 1019 1425 1047 esse
1456 1005 1667 1047 insertam
1688 1009 1820 1059 atque

236 1063 447 1107 additam.
511 1063 710 1121 Namque
747 1065 1073 1122 perversissime
1115 1065 1205 1121 egit
1243 1064 1486 1108 Kolischius
1526 1079 1624 1108 cum
1654 1065 1699 1107 in
1732 1065 1821 1107 dis-

235 1126 462 1180 putatione
496 1139 608 1179 quae
639 1125 892 1167 inscribitur
928 1125 1034 1168 »(101
1063 1125 1458 1168 Ρ10111οῒ-110113ᾶο3
1490 1125 1706 1180 Aechylus
1733 1141 1822 1167 nur

214 1198 287 1227 .zu
324 1184 556 1229 verstehen
594 1198 673 1228 aus
712 1184 792 1228 der
829 1184 1271 1242 Eigenthiimlichkeit
1319 1185 1460 1229 seiner
1501 1184 1820 1241 Entstehungs—

191 1244 195 1247 ’
235 1246 393 1289 weise«
436 1244 604 1303 (Berlin
639 1244 786 1303 1876),
837 1261 890 1289 ex
928 1248 981 1289 iis
1020 1261 1133 1301 quae
1170 1247 1442 1303 pertinerent
1479 1246 1536 1288 ad
1572 1246 1821 1289 Promethei

235 1309 280 1348 et
309 1305 431 1349 Jovis
462 1320 605 1350 mores
637 1320 724 1349 non
755 1320 896 1363 pauca
925 1305 1069 1350 fronte
1100 1306 1286 1350 adversa
1317 1307 1379 1349 sic
1408 1306 1524 1349 inter
1554 1319 1600 1349 se
1622 1319 1818 1363 pugnare

234 1367 516 1411 contenderet
540 1372 590 1410 ut
611 1367 794 1410 diversis
822 1368 1090 1423 temporibus
1118 1368 1388 1423 diversisque
1417 1366 1607 1410 consiliis
1634 1381 1661 1409 a
1688 1370 1820 1423 poeta

234 1427 395 1483 scripta
427 1440 523 1470 esse
554 1427 821 1470 viderentur.
884 1427 1037 1482 Neque
1069 1428 1184 1470 enim
1216 1427 1413 1482 quisquis
1445 1440 1551 1469 sano
1582 1427 1722 1468 utitur
1748 1428 1818 1483 ju-

234 1486 359 1540 (11010,
394 1501 601 1542 umquam
633 1486 783 1530 credet
813 1487 950 1530 ullum
981 1491 1168 1544 poetam,
1202 1487 1365 1531 nedum
1401 1487 1665 1542 tragicorum
1696 1488 1817 1555 prin-

231 1547 384 1603 cipem,
417 1548 561 1603 ipsum
600 1547 774 1590 diversa
805 1551 936 1628 atque
973 1548 1089 1589 inter
1131 1562 1177 1590 se
1209 1548 1500 1603 repugnantia
1531 1548 1815 1589 connexuisse

230 1610 364 1662 atque
396 1606 624 1663 reliquisse
658 1600 913 1650 connexum*
931 1606 1172 1650 absurdum
1193 1611 1371 1663 tamque
1392 1605 1562 1650 facilem
1584 1610 1816 1663 perspectu
1865 1605 1867 1608 ’

230 1682 362 1722 quam
400 1669 616 1734 interpres
655 1667 728 1710 ille
769 1667 854 1709 sibi
885 1668 1102 1710 invenisse
1135 1668 1353 1710 videatur:
1402 1668 1533 1709 immo
1581 1668 1618 1708 si
1664 1682 1819 1710 revera

231 1730 385 1770 extant
416 1727 462 1769 in
494 1726 722 1783 tragoedia
752 1741 822 1770 res
855 1727 971 1770 inter
1002 1741 1048 1770 se
1080 1727 1336 1780 contrariae,
1370 1740 1469 1770 mea
1500 1727 1718 1784 sententia
1740 1726 1816 1770 de-

228 1787 391 1830 bentur
420 1788 573 1856 poetis
566 1762 793 1831 ξΞ1111101313.
858 1787 945 1830 Sed
977 1802 1123 1830 rerum
1155 1788 1328 1830 illarum
1361 1787 1538 1855 quidem
1569 1801 1816 1843 repugnan-

228 1848 291 1889 tia
322 1851 389 1890 est
419 1849 465 1890 in
496 1849 578 1891 viri
610 1848 726 1891 docti
765 1848 1075 1904 disputatione,
1123 1862 1211 1890 non
1256 1837 1486 1890 invenitur
1522 1847 1567 1889 in
1614 1847 1816 1904 Aeschyli

226 1912 446 1964 poemate:
486 1903 567 1951 hoc
605 1907 839 1951 defendam
875 1908 920 1950 in
959 1908 1266 1965 disputationis
1305 1908 1443 1950 initio.
1506 1907 1675 1950 Deinde
1706 1922 1814 1950 non-

228 1968 349 2011 nulla
380 1967 608 2026 subjiciam
641 1968 695 2012 de
729 1969 979 2025 anapaestis
1018 1983 1115 2011 cum
1147 1969 1356 2012 trimetris
1388 1967 1596 2020 iambiciS,
1632 1967 1685 2011 (10
1719 1969 1815 2024 qui-

226 2028 309 2070 bus
340 2029 616 2084 potissimum
647 2030 766 2085 prior
799 2029 882 2071 erit
903 2029 1156 2085 disputatio,
1186 2032 1304 2071 arcte
1327 2028 1679 2071 cohaerentibus:
1714 2042 1815 2070 nam

226 2087 525 2146 Westphalius
558 2103 656 2132 cum
686 2090 732 2132 in
764 2103 895 2146 opere
928 2102 1015 2131 una
1046 2103 1143 2131 cum
1175 2087 1439 2132 Rossbachio
1472 2087 1527 2131 (10
1550 2087 1813 2131 Graecorum

225 2153 320 2191 arte
359 2151 541 2191 metrica
579 2150 821 2204 conscripto
866 2153 1019 2203 ageret
1056 2149 1111 2191 de
1149 2150 1341 2191 numeris
1380 2149 1670 2204 anapaesticis
1717 2146 1812 2205 (alt.

225 2207 330 2251 edit.
364 2207 447 2252 vol.
481 2208 525 2252 II
556 2223 628 2266 pp.
663 2209 751 2252 409
784 2208 913 2264 sqq),
954 2208 1206 2265 saepissime
1246 2208 1416 2251 notavit
1453 2207 1597 2251 Prom.
1638 2206 1813 2250 fabulae

224 2273 563 2326 anapaestorum
594 2269 787 2313 indolem
819 2269 1098 2324 singularem,
1141 2270 1203 2311 sic
1239 2272 1289 2312 ut
1326 2268 1451 2312 faci'e
1484 2269 1582 2323 quis
1612 2268 1693 2311 hac
1724 2269 1813 2312 sin-

224 2329 459 2385 gularitate
491 2344 596 2372 usus
629 2329 891 2373 contendere
909 2330 1064 2387 'possit
1096 2330 1231 2372 etiam
1262 2329 1340 2372 hos
1371 2343 1523 2373 versus
1545 2332 1696 2385 postea
1717 2343 1811 2372 esse

224 2390 413 2434 additos.
461 2390 569 2433 Tum
601 2391 815 2434 disseram
848 2390 902 2433 de
930 2390 1050 2434 Jovis
1073 2390 1253 2443 cantico,
1287 2390 1356 2433 cui
1378 2393 1496 2433 arcte
1518 2389 1812 2433 adnectuntur

222 2451 411 2493 trimetri
427 2451 766 2506 subsequentes3
800 2451 962 2493 etenim
984 2451 1101 2493 idem
1122 2451 1189 2493 vir
1211 2450 1397 2492 doctus
1385 2464 1432 2491 111
1453 2449 1535 2493 vol.
1554 2449 1597 2491 ΙΙ
1618 2464 1810 2506 prooem.

222 2527 265 2567 p.
297 2510 496 2554 XLVIII.
529 2511 611 2554 hoc
641 2526 816 2554 carmen
847 2510 903 2553 ab
926 2510 1129 2567 Aeschyli
1151 2505 1489 2567 abjudicandum
1511 2524 1605 2553 esse
1629 2510 1809 2553 censuit.

222 2571 318 2612 Erit
348 2572 484 2625 igitur
513 2571 621 2613 haec
653 2571 893 2625 disputatio
932 2570 986 2612 de
1026 2584 1078 2612 ea
1109 2570 1363 2624 tragoediae
1395 2573 1523 2624 parte
1555 2583 1667 2624 quae
1700 2570 1811 2612 sole-

221 2631 298 2674 bat
344 2631 520 2674 recitari
566 2635 611 2675 et
657 2645 743 2674 uno
790 2630 960 2674 cantico
1008 2645 1105 2673 cum
1153 2644 1204 2673 ea
1258 2630 1499 2673 arctissime
1538 2628 1810 2674 cohaerente.

222 2691 309 2734 Sed
348 2692 604 2746 priusquam
642 2691 699 2733 ad
741 2705 833 2734 rem
873 2694 1160 2742 transeamus,
1200 2690 1423 2734 benevolis
1458 2689 1677 2746 judicibus
1710 2705 1810 2733 con-

219 2751 349 2795 fiteor
400 2766 468 2794 me
521 2766 608 2795 non
660 2752 902 2807 inspexisse
955 2751 1306 2794 dissertationem
1365 2764 1497 2807 quam
1554 2764 1623 2793 an.
1681 2751 1808 2795 1878.

221 2812 276 2855 Η.
321 2812 553 2855 Cramerus
613 2813 787 2867 scripsit
852 2811 1187 2854 »Prometheum
1233 2812 1425 2854 vinctum
1474 2825 1569 2853 esse
1616 2810 1810 2853 fabulam

220 2876 510 2916 correctam«
545 2872 623 2916 sed
656 2873 828 2915 veniam
860 2871 1053 2915 suturam
1086 2886 1181 2915 esse
1204 2886 1331 2927 spero
1358 2885 1428 2914 1110
1459 2870 1655 2914 libellum
1686 2885 1713 2914 a
1743 2870 1810 2914 bi-
