2003 3216
841 97 1137 145 ...52-

194 229 402 289 strophae
418 243 594 276 versum
611 228 798 275 alterum
815 230 1009 288 graviter
1025 234 1093 276 est
1108 229 1520 289 interpungendum.
1542 230 1781 277 Praeterea

113 306 116 308 ’
194 306 478 335 numerorum
510 292 802 346 perpetuitaS,
848 295 899 334 ut
927 292 980 338 fit
1009 292 1324 335 incarminibus
1368 291 1652 343 dochmiacis,
1691 306 1779 334 non

193 351 545 408 interrumpitur:
593 362 699 393 nam
727 350 935 406 quoniam
963 366 1003 395 v.
1028 351 1112 395 601
1146 364 1245 395 011111
1271 350 1556 408 subsequenti
1575 349 1782 395 cohaeret

195 412 453 463 arctissime,
493 410 589 454 1000
619 410 849 454 literarum
881 408 903 452 ἒ
934 407 956 451 ἒ
988 411 1262 455 scribendam
1292 415 1398 468 puto
1434 411 1781 467 interjectionem

192 469 255 529 ἐή,
286 475 336 514 111
366 468 635 527 respondeat
664 469 877 514 vocabulo
906 468 1063 528 βοράν,·
1094 474 1287 515 ceterum
1307 474 1407 528 post
1432 470 1780 528 interjectionem

191 530 364 575 hiatum
393 544 524 587 posse
555 529 653 573 fieri
683 530 729 573 in
760 529 1026 577 dochmiacis
1056 534 1175 575 recte
1202 531 1372 575 monuit
1391 530 1690 588 Westphalius
1720 530 1778 574 II.

192 606 235 648 p.
270 591 372 636 862.
434 589 635 634 Eandem
666 604 794 648 porro
831 590 1178 647 interjectionem
1217 590 1375 635 eadem
1406 590 1462 635 de
1500 604 1637 635 causa
1666 589 1779 634 Her-

190 665 402 695 mannum
424 654 599 694 secutus
630 650 950 695 restituendam
981 650 1148 695 suadeo
1168 651 1215 694 in
1247 651 1365 695 exitu
1395 666 1463 695 vv.
1497 651 1585 696 576
1608 654 1659 695 et'
1676 651 1777 695 597.

190 711 243 754 In
277 710 435 755 mediis
482 714 632 754 autem
674 715 719 755 01
756 712 1009 756 ineuntibus
1055 711 1253 755 versibus
1300 725 1473 767 semper
1513 711 1778 768 respondere

189 771 303 815 solet
333 770 467 827 longa
498 770 671 829 syllaba
715 770 888 827 longae,
934 771 1079 815 brevis
1116 771 1259 823 brevi3
1304 771 1456 827 itaque
1486 785 1574 814 uno
1604 774 1779 815 tantum

190 831 266 875 illo
303 831 349 873 in
386 845 536 883 versu,
571 831 647 886 qui
692 832 755 874 sic
793 835 862 874 est
900 831 1235 886 distinguendus
1286 829 1554 888 »τηλέπλανοι
1591 829 1778 879 mavul«,

192 891 551 934 accuratissimae
589 904 689 934 cum
721 890 998 949 antistropha
1035 890 1329 949 responsionis
1368 903 1504 934 causa
1533 890 1777 935 Meinekius

190 952 355 1007 optimo
371 951 471 1007 jure
493 952 689 1007 reposuit
711 949 967 996 πολύπλανοι,
1015 950 1045 994 J
1048 965 1120 994 am
1135 955 1185 994 ut
1207 951 1389 1006 singulis
1407 950 1462 994 de
1479 950 1778 993 dochmiorum

188 1010 340 1053 formis
371 1023 517 1067 pauca
539 1009 715 1064 addam,
748 1010 938 1068 primum
969 1013 1019 1054 ut
1043 1010 1090 1053 111
1112 1011 1269 1054 ceteris
1291 1009 1493 1068 Aeschyli
1522 1009 1774 1067 tragoediis,

189 1072 252 1115 sic
291 1072 426 1115 etiam
462 1071 509 1114 in
547 1074 696 1114 nostro
744 1071 914 1114 cantico
961 1071 1214 1128 saepissime
1252 1072 1438 1115 occurrit
1482 1071 1592 1114 haec
1636 1070 1777 1114 forma

189 1144 304 1187 quae
335 1131 526 1188 priorem
557 1129 775 1188 syllabam
805 1129 985 1187 longam
1009 1129 1145 1174 habet
1175 1129 1369 1175 solutam
1400 1129 1512 1173 duas
1533 1130 1579 1173 111
1599 1130 1775 1183 breves3

185 1191 322 1236 multo
369 1192 513 1235 rarius
561 1190 747 1235 solvitur
795 1191 938 1235 altera
988 1191 1160 1248 syllaba
1206 1192 1362 1247 longa;
1417 1190 1495 1235 sed
1542 1192 1776 1247 exscripsit

184 1251 485 1308 Westphalius
517 1254 697 1307 praeter
732 1251 876 1294 Prom.
909 1250 1087 1294 fabulae
1119 1266 1159 1295 v.
1193 1252 1281 1295 569
1321 1249 1380 1307 (τε
1412 1251 1545 1308 νῆστιν
1575 1248 1654 1292 ἀνὰ
1688 1249 1772 1309 uli)

185 1311 380 1368 quinque
421 1310 636 1368 exempla.
679 1310 819 1355 Pers.
855 1311 942 1355 660
989 1308 1123 1356 κλύεις
1152 1309 1223 1353 νέα
1257 1308 1396 1369 τ’ἄχης
1443 1310 1561 1367 Sept.
1599 1327 1666 1355 vv.
1702 1313 1771 1364 86,

187 1373 286 1415 120.
325 1371 450 1414 Eum.
492 1372 594 1424 780,
643 1369 764 1429 857).
838 1370 1007 1415 Deinde
1048 1371 1166 1427 quod
1209 1370 1386 1428 quidem
1438 1371 1692 1428 saepissime
1723 1371 1774 1415 fit

184 1432 304 1488 apud
350 1431 626 1489 Euripidem,
674 1431 769 1474 1000
817 1431 998 1474 alterius
1053 1431 1250 1488 syllabae
1296 1431 1440 1475 brevis
1491 1430 1625 1487 longa
1660 1432 1772 1474 irra-

181 1492 408 1536 tionaliter
457 1491 575 1548 quod
623 1490 807 1535 dicimus
854 1491 999 1548 posita
1036 1490 1215 1535 obvenit
1260 1491 1498 1535 rarissime.
1576 1490 1690 1535 Nam
1727 1492 1773 1535 in

180 1552 337 1609 proodi
368 1552 488 1595 exitu
518 1551 589 1595 hic
621 1550 847 1595 dochmius
878 1550 1039 1607 legitur
1070 1552 1133 1595 810
1153 1555 1349 1596 mutatus
1371 1555 1420 1595 ut
1445 1550 1589 1595 locum
1617 1552 1772 1608 prioris

180 1612 380 1670 syllabae
427 1612 586 1668 longae
624 1615 807 1655 teneant
839 1611 954 1655 duae
1001 1611 1199 1669 syllabae
1236 1612 1409 1656 breves:
1459 1625 1575 1669 quae
1613 1611 1768 1669 forma,

182 1673 238 1716 ab
277 1672 488 1729 Euripide
536 1672 715 1728 quidem
762 1672 1018 1730 saepissime
1064 1673 1111 1715 111
1157 1673 1399 1715 carminum
1446 1672 1566 1715 exitu
1612 1673 1768 1729 posita,

181 1733 316 1776 etiam
348 1733 405 1776 ab
433 1732 647 1790 Aeschylo
680 1736 758 1776 aut
788 1733 834 1775 in
864 1733 962 1789 ipso
994 1733 1314 1776 sententiarum
1346 1732 1464 1776 exitu
1497 1736 1574 1775 aut
1601 1736 1651 1776 ut
1672 1747 1771 1776 eum

179 1796 473 1850 praepararet
503 1793 548 1836 in
580 1807 709 1836 usum
741 1797 808 1837 est
838 1796 1009 1836 vocata.
1062 1793 1237 1837 Etenim
1269 1797 1318 1837 ut
1350 1807 1403 1836 ex
1435 1806 1511 1836 sex
1544 1793 1768 1849 exemplis,

179 1867 295 1908 quae
334 1857 513 1909 praeter
549 1866 725 1896 versum
771 1856 970 1896 nostrum
1000 1852 1301 1910 Westphalius
1348 1853 1584 1908 congessit,
1635 1868 1770 1896 unum

179 1928 419 1969 segregem,
453 1913 550 1957 dico
583 1912 703 1970 Sept.
741 1912 918 1957 fabulae
960 1929 1000 1957 v.
1034 1914 1122 1956 549
1156 1913 1222 1969 (=
1244 1911 1366 1969 612),
1401 1940 1456 1946 -
1490 1926 1681 1969 namque
1715 1928 1768 1957 ex

183 1972 401 2030 »ἀνδρῶνα
437 1987 577 2016 novus
611 1972 835 2016 dochmius
865 1973 1056 2030 incipere
1089 1973 1263 2017 videtur
1284 2000 1338 2006 -—
1366 1971 1556 2030 Choeph.
1579 1988 1650 2018 vv.
1681 1974 1768 2017 929

173 2035 328 2077 .-939
375 2034 539 2077 exitum
584 2032 780 2076 efficiunt
825 2033 983 2090 plenae
1028 2033 1258 2090 cujusdam
1307 2034 1572 2085 8001011110ος
1624 2048 1767 2090 neque

177 2094 321 2136 minus
344 2092 541 2148 graviter
563 2096 630 2136 est
650 2092 1051 2150 interpungendum
1070 2096 1172 2150 post
1192 2092 1346 2148 Agam.
1369 2091 1547 2136 fabulae
1569 2108 1610 2137 v.
1635 2094 1765 2137 1082.

176 2153 302 2197 Eum.
337 2157 486 2197 autem
517 2152 695 2197 fabulae
718 2169 756 2197 v.
783 2154 866 2197 157
892 2157 937 2197 et
959 2152 1080 2210 Sept.
1100 2170 1141 2198 v.
1167 2154 1253 2197 109
1274 2151 1342 2210 (=
1366 2150 1472 2211 123)
1498 2159 1768 2210 praeparant

177 2213 423 2256 clausulam
455 2214 809 2270 subsequentem.
862 2212 1091 2257 Postremo
1121 2214 1168 2256 in
1198 2217 1324 2257 tanto
1355 2212 1430 2257 illo
1451 2226 1658 2271 versuum*
1688 2227 1765 2257 an-

175 2274 533 2330 tistrophicorum
579 2289 761 2319 numero
792 2288 906 2317 unus
946 2290 984 2317 v.
1018 2275 1118 2327 577,
1168 2274 1238 2317 0111
1278 2277 1483 2317 accurate
1529 2274 1767 2331 respondet

176 2351 217 2378 v.
251 2335 353 2387 598,
386 2334 523 2377 habet
562 2331 780 2391 syllabam
824 2333 1004 2390 longam
1049 2333 1367 2378 irrationaliter
1413 2334 1614 2391 positam.
1679 2333 1765 2378 Sed

174 2395 242 2438 his
275 2394 329 2438 de
361 2394 559 2439 versibus
598 2409 685 2437 non
716 2408 860 2451 pauca
892 2399 995 2439 sunt
1034 2394 1295 2451 adjicienda.
1365 2394 1538 2437 Etenim
1577 2394 1766 2451 primum

175 2455 370 2497 admittit
403 2454 577 2511 syllaba
614 2454 749 2509 longa
781 2454 969 2497 eandem
1000 2468 1134 2511 quam
1165 2454 1295 2497 modo
1327 2454 1417 2496 dixi
1448 2453 1762 2498 defensionem:

172 2516 218 2558 in
251 2513 434 2570 stropha
473 2513 668 2569 graviter
703 2514 1030 2570 interpungitur
1067 2518 1167 2570 post
1197 2530 1236 2558 v.
1271 2515 1379 2566 578,
1412 2514 1458 2557 in
1491 2514 1765 2570 antistropha

174 2574 318 2610 medio
341 2574 387 2609 in
409 2587 448 2610 v.
474 2575 575 2610 600.
650 2573 818 2609 Deinde
849 2577 953 2609 sunt
981 2585 1133 2609 versus
1160 2572 1562 2619 hypercatalectici:
1602 2573 1764 2607 etenim

173 2623 400 2680 egreditur
421 2623 594 2683 syllaba
617 2626 813 2664 extrema
835 2621 1134 2666 dochmiorum
1154 2633 1371 2668 numeros.
1434 2620 1594 2670 Forma
1616 2624 1764 2673 autem

171 2688 581 2750 hypercatalectica,
617 2697 665 2737 ut
697 2693 888 2748 comperi
920 2711 973 2736 ex
996 2693 1175 2736 Christii
1203 2700 1299 2736 arte
1333 2697 1515 2736 metrica
1546 2694 1606 2746 (p.
1640 2695 1762 2746 431),

172 2753 228 2789 ab
260 2751 470 2802 Euripide
503 2762 741 2802 nunquam,
776 2749 909 2789 semel
943 2762 970 2789 a
1002 2749 1226 2804 Sophocle,
1266 2750 1443 2804 saepius
1476 2749 1532 2790 ab
1550 2748 1763 2806 Aeschylo

172 2812 240 2859 est
271 2807 430 2872 posita.
494 2806 639 2871 Atque
672 2808 775 2872 poni
807 2807 979 2858 solebat
1010 2809 1143 2858 etiam
1174 2808 1284 2858 11000
1314 2808 1457 2859 forma
1489 2814 1566 2858 aut
1596 2810 1642 2858 in
1663 2827 1762 2858 sen-

170 2876 410 2916 tentiarum
442 2875 562 2915 exitu
596 2879 676 2915 aut
706 2888 842 2929 prope
882 2874 1146 2914 clausulam:
1198 2874 1324 2929 Sept.
1362 2873 1539 2915 fabulae
1580 2889 1646 2916 vv.
1675 2875 1759 2915 561
