2003 3216
846 115 1138 178 -11-

205 255 250 298 et
280 251 395 307 regis
425 249 671 306 orationum
702 262 942 291 connexum
973 248 1181 300 ostendit,
1214 249 1348 304 atque
1379 260 1520 290 meam
1551 259 1781 302 argumen-

204 312 419 355 tationem
455 309 609 353 fulcire
645 308 839 361 videtur,
885 311 1034 351 tamen
1069 307 1189 351 haud
1219 308 1306 351 scio
1344 321 1402 350 an
1439 306 1497 350 sit
1532 304 1780 363 rejicienda.

204 371 357 427 Neque
394 370 510 413 enim
545 368 674 412 modo
719 368 1041 425 interpretandi
1084 368 1268 411 artificio
1299 367 1482 419 utimur,
1533 366 1612 409 sed
1650 366 1782 409 etiam

210 428 414 487 »xe'pdec«,
435 428 554 486 quod
570 431 639 472 est
653 427 912 484 Argivorum
926 426 1106 482 lucrum,
1123 429 1352 472 invenuste
1367 427 1601 485 opponitur
1613 425 1784 469 lucrum

204 490 520 534 Thebanorum.
591 488 748 546 Itaque
783 489 1021 546 receperim
1056 488 1209 533 Keckii
1245 488 1557 545 conjecturam,
1601 501 1656 530 ex
1695 500 1784 543 qua

204 552 298 595 loco
344 547 482 607 κέρδει
526 549 774 593 restituitur
818 548 975 605 κόμπῳ.
1050 549 1145 593 Ηο6
1175 548 1353 606 quidem
1391 547 1650 592 vocabulum
1689 547 1782 589 sine

205 610 348 655 nuntii
377 609 573 653 clausula
616 624 795 666 prorsus
841 624 929 660 non
957 609 1234 666 intelligitur:
1283 608 1446 653 etenim
1474 608 1666 666 pertinet
1696 621 1783 650 non

206 675 297 714 tam
312 669 371 714 ad
386 670 528 726 clypei
544 670 727 725 signum,
750 669 868 727 quod
884 674 952 714 est
967 670 1235 726 descriptum
1249 673 1351 713 ante
1371 670 1513 726 ipsam
1528 667 1781 718 clausulam,

206 744 357 787 quam,
397 732 448 772 ut
494 728 652 781 docent
690 729 1019 787 subsequentia,
1067 730 1125 773 ad
1160 729 1280 773 illam
1317 728 1648 787 protervitatem
1694 741 1784 784 qua

206 804 312 836 usus
341 790 388 833 in
418 790 562 847 ipsum
592 789 620 834 J
621 804 745 835 ovem
773 789 910 837 verba
939 790 1130 848 superba
1159 789 1387 848 Capaneus
1424 788 1608 833 fundere
1640 787 1782 831 dictus

207 854 315 893 erat.
392 849 628 908 Aptissime
673 851 808 907 igitur
852 850 1073 895 vocabulis
1120 847 1254 908 ἄνδρα
1293 848 1550 907 κομπάζοντα
1586 848 1645 892 ad
1683 861 1780 892 eam

201 911 459 967 jactantiam
489 910 728 954 reflectitur
748 911 887 955 oratio
907 914 959 957 ut
976 911 1089 955 hanc
1109 911 1166 954 ad
1186 926 1280 954 rem
1298 925 1378 954 rex
1399 924 1523 953 suam
1542 909 1783 954 orationem

206 971 346 1028 possit
375 970 626 1027 adjungere.
686 970 855 1014 Tertiae
888 970 1048 1014 deinde
1078 971 1286 1013 orationis
1317 969 1529 1013 clausula:

494 1031 560 1073 καὶ
590 1030 698 1088 τῷδε
729 1031 835 1089 φωτὶ
865 1030 993 1089 πέμπε
1023 1030 1091 1074 τὸν
1122 1030 1347 1088 φερέγγυον

495 1090 653 1139 πόλεως
679 1090 881 1162 ἀπειὲογειν
912 1090 1035 1149 τῆσδε
1065 1090 1222 1132 δούλιον
1254 1090 1373 1145 ζυγόν

209 1178 262 1184 -
288 1148 446 1207 quibus
477 1150 523 1194 111
553 1150 698 1195 verbis
727 1164 857 1208 πεμπε
886 1151 1169 1208 imperativus
1200 1149 1354 1194 eadem
1383 1164 1436 1194 ex
1456 1164 1504 1192 re
1525 1147 1785 1203 intelligitur

207 1214 339 1266 atqw
385 1212 631 1253 orationum
675 1212 869 1267 priorum
908 1211 1274 1266 interrogationes
1316 1237 1371 1243 -
1413 1209 1526 1253 bene
1573 1208 1786 1264 excipitur

207 1270 359 1327 primis
390 1271 505 1327 regis
537 1271 744 1315 orationis
774 1270 936 1315 verbis:

496 1330 676 1388 πέμποιμ’
708 1331 758 1374 ἂν
788 1329 868 1389 ἤδη
899 1331 1020 1388 τῷδε,
1051 1330 1123 1373 σὺν
1153 1330 1253 1389 τύχῃ
1284 1330 1333 1373 ὂέ
1363 1345 1422 1387 τῳ

495 1391 560 1433 καὶ
591 1390 643 1450 δὴ
675 1390 893 1449 πέπεμπται
922 1390 1071 1450 κόμπον
1101 1390 1145 1435 ἐν
1169 1392 1314 1451 χεροῖν
1345 1388 1454 1450 ἔχων

499 1451 721 1509 Μεγαρεύς.
979 1460 981 1462 ’

208 1510 320 1553 Nam
365 1512 518 1554 nuntio
565 1512 769 1555 monenti
795 1515 845 1555 ut
875 1512 1023 1556 mittat
1069 1526 1168 1555 eum
1220 1512 1297 1568 qui
1333 1510 1389 1554 ab
1427 1509 1603 1553 Eteoclo
1648 1509 1787 1565 possit

208 1570 362 1614 urbem
384 1571 619 1615 defendere
651 1587 728 1615 rex
759 1572 995 1628 respondet
1025 1586 1121 1616 sese
1149 1586 1276 1623 nunc,
1310 1572 1347 1615 si
1375 1571 1518 1622 liceat,
1551 1570 1785 1612 missurum

208 1645 303 1673 esse
335 1630 608 1686 Megareum‚
648 1632 726 1675 sed
755 1631 869 1674 forte
901 1632 1092 1688 quadam
1123 1632 1311 1674 secunda
1347 1630 1535 1674 eundem
1566 1630 1658 1685 jam
1689 1642 1785 1671 esse

206 1691 405 1733 missum:
459 1690 522 1734 ait
559 1692 693 1747 igitur
729 1691 847 1748 quod
877 1695 927 1735 ut
962 1692 1090 1736 fieret
1134 1692 1314 1736 nuntius
1360 1691 1593 1742 monuerit,
1634 1703 1787 1732 revera

208 1765 303 1794 esse
334 1751 509 1794 factum.
571 1752 598 1794 J
600 1766 670 1794 am
701 1767 804 1795 vero
836 1752 928 1795 sine
960 1755 1144 1808 quartae
1175 1752 1383 1795 orationis
1416 1750 1629 1794 clausula:

494 1810 650 1854 τοιοῦδε
680 1810 819 1869 φωτὸς
846 1813 989 1869 πεζοαν
1018 1809 1067 1854 εὖ
1096 1811 1330 1869 φυλακτέον.

493 1870 628 1927 φόβος
654 1871 732 1928 γὰρ
765 1869 844 1929 ἤδη
876 1871 979 1928 πρὸς
1006 1870 1145 1920 πύλαις
1170 1871 1410 1929 κομπάζεται

205 1930 373 1987 priores
405 1931 519 1986 regis
541 1932 747 1974 orationis
767 1946 918 1975 versus
940 1929 1217 1989 (484—491)
1250 1935 1366 1975 stare
1387 1946 1475 1974 non
1495 1945 1623 1988 posse
1644 1929 1786 1986 quivis

207 1990 415 2033 concedet
445 1991 522 2047 qui
552 1995 703 2046 utatur
739 2006 844 2034 sano
872 1992 1053 2049 judicio:
1087 1993 1249 2035 etenim
1279 1992 1364 2034 nisi
1395 1992 1573 2034 nuntius
1607 1989 1788 2033 dixisset

206 2050 261 2093 ab
284 2051 635 2108 Hippomedonte
667 2067 883 2095 summum
912 2052 1138 2096 imminere
1165 2052 1419 2109 periculum,
1452 2067 1539 2095 non
1569 2050 1787 2105 intellige-

206 2125 352 2153 remus
383 2126 460 2153 cur
480 2126 558 2154 rex
578 2111 690 2154 hanc
710 2112 952 2155 orationem
983 2112 1045 2155 sic
1073 2112 1325 2155 institueret
1344 2116 1395 2155 ut
1414 2112 1603 2169 primum
1625 2111 1788 2153 diceret

205 2171 346 2227 ipsam
366 2170 606 2214 Minervam
636 2171 790 2215 urbem
823 2186 918 2215 esse
950 2171 1211 2228 adjuturam,
1246 2171 1404 2215 deinde
1427 2170 1662 2227 subjiceret
1692 2170 1787 2226 ejus

206 2230 504 2274 adversarium
527 2245 622 2274 esse
643 2231 929 2288 Hyperbium.
982 2231 1127 2288 Atque
1158 2232 1376 2288 quomodo
1403 2246 1619 2274 summum
1639 2231 1788 2285 Argivi

206 2290 408 2333 timorem
459 2291 640 2333 nuntius
683 2292 829 2347 aptius
875 2292 1020 2348 potuit
1066 2292 1309 2347 significare
1361 2306 1494 2348 quam
1537 2291 1606 2333 his
1643 2289 1788 2333 verbis

210 2364 334 2393 usus:
373 2350 480 2393 »viri
511 2354 731 2394 certamen
763 2355 808 2395 et
837 2352 1025 2408 impetus
1056 2351 1170 2396 bene
1192 2355 1295 2396 sunt
1326 2350 1541 2401 cavenda3
1571 2364 1675 2393 nam
1706 2349 1788 2393 sub

206 2410 313 2466 ipsis
343 2411 481 2466 portis
507 2410 648 2465 ,iactat
677 2411 753 2454 ille
783 2411 974 2454 hostium
1004 2415 1256 2455 terrorem.«
1321 2411 1491 2454 Videtis
1522 2424 1670 2465 regem
1692 2424 1789 2452 cum

207 2468 385 2514 consilio
405 2470 597 2528 incipere
619 2471 859 2515 orationem
880 2470 935 2515 de
956 2470 1065 2515 deae
1086 2471 1227 2516 tutela
1247 2474 1293 2516 et
1313 2471 1368 2516 de
1396 2472 1488 2515 viro
1516 2469 1787 2528 opponendo.

208 2530 399 2574 Tandem
429 2531 476 2573 in
504 2535 658 2575 sextae
691 2532 832 2575 nuntii
863 2532 1070 2580 orationis
1103 2533 1223 2575 exitu
1252 2532 1361 2575 haec
1389 2532 1591 2588 legimus:

495 2589 625 2648 τούτῳ
656 2589 811 2649 σοφούς
838 2606 881 2633 τε
911 2589 1119 2647 κάγαθοὺς
1145 2591 1370 2652 ἀντηρέτας

496 2650 659 2708 πέμπειν
690 2651 853 2694 ἐπαινῶ·
884 2651 1016 2701 δεινὸς
1043 2651 1091 2701 ὃς
1118 2651 1243 2702 θεοὺς
1270 2652 1393 2707 σέβει.

207 2709 327 2762 Quae
373 2709 508 2754 verba
531 2711 607 2754 -sic
636 2725 868 2769 possumus
913 2711 1195 2770 interpretari
1239 2715 1290 2755 ut
1326 2712 1528 2756 nuntium
1576 2711 1789 2755 dicentem

206 2769 417 2815 faciamus
453 2771 630 2814 »hortor
660 2775 711 2815 ut
739 2772 842 2815 huic
871 2773 1103 2815 mittantur
1122 2772 1226 2816 boni
1251 2773 1475 2829 fortesque
1497 2772 1788 2820 adversarii‹;

207 2844 350 2887 neque
397 2833 545 2875 tamen
582 2830 674 2876 ulla
708 2846 756 2876 re
793 2830 1076 2889 prohibemur
1120 2833 1351 2890 quominus
1389 2847 1444 2876 ex
1480 2831 1622 2876 altera
1666 2829 1789 2875 verbi

209 2888 385 2934 ἐπαινεῖν
416 2892 734 2949 significatione
765 2896 1009 2939 statuamus
1029 2892 1165 2938 talem
1195 2894 1338 2938 nuntii
1358 2893 1599 2939 orationem
1632 2891 1788 2939 »laudo
