2003 3216
879 111 1145 156 -7-

340 246 440 290 Jam
486 245 681 289 venimus
727 243 784 287 ad
830 247 1014 287 ceteras·
1041 244 1156 300 regis
1208 244 1426 287 orationes
1472 258 1579 300 quas
1619 243 1801 288 alteram

220 307 438 351 fictionem
467 305 591 361 sequi
620 304 848 348 Richterus
878 303 1121 349 contendit:
1154 318 1343 361 namque
1374 308 1503 362 putat
1531 303 1597 347 his
1627 304 1672 347 in
1704 319 1801 347 ora-

221 367 411 412 tionibus
440 365 548 422 fingi
579 364 709 408 duces
739 365 785 407 in
815 378 945 408 scena
974 364 1126 408 adesse
1158 368 1203 408 et
1233 379 1348 408 nunc
1378 364 1553 408 demum
1584 364 1802 420 designari

219 427 277 471 ad
315 425 506 482 singulas
545 428 695 482 portas
725 424 1022 469 defendendas
1052 428 1185 481 atque
1218 424 1465 481 designatos
1494 425 1643 468 statim
1674 440 1802 468 suum

221 499 438 542 quemque
469 484 528 528 ad
557 485 701 528 locum
731 485 865 528 abire.
927 484 1049 529 Haeo
1079 485 1224 528 omnia
1255 499 1309 528 ex
1339 485 1420 528 viri
1452 484 1570 527 docti
1600 485 1801 542 opinione

219 549 370 603 aperte
405 545 718 614 significantur
761 545 807 588 in
853 545 986 588 tertia
1022 546 1139 601 16818
1170 545 1378 598 oratione,
1419 558 1530 600 quae
1563 545 1801 588 secundum

504 662 685 723 πέμποςιί
717 664 767 708 ἄν
798 663 877 724 ἤδη
908 664 1026 708 τόνδε
1055 663 1128 708 σὺν
1161 663 1262 724 τύχῃ
1294 664 1343 707 δέ
1372 680 1431 721 τῳ

504 725 569 767 καὶ
591 724 651 784 δὴ
682 725 871 783 πέπεμπτ>
894 724 943 768 οὐ
973 724 1121 784 κομπον
1152 724 1213 767 ἐν
1220 726 1365 785 χεροῖν
1396 723 1505 784 ἔχων

505 784 720 843 Μεγαρεὺς
749 785 949 844 Κρέοντος
975 785 1135 844 σπέρμα
1165 787 1235 828 τοῦ
1265 788 1456 844 σπαρτῶν
1486 784 1635 841 γένους.

217 846 297 889 Η18
336 860 390 889 ex
427 845 571 889 verbis
612 844 808 902 πέπεμπτ’
835 845 883 887 ου’
915 847 1007 891 sine
1040 845 1172 890 dubio
1204 849 1467 904 corruptum,
1500 850 1618 889 recte
1651 861 1797 890 emen-

217 905 369 948 datum
408 909 475 948 est
512 906 559 948 in
600 904 837 961 πέπεμπται.
897 906 1128 949 Richterus
1164 909 1312 949 autem
1342 910 1576 964 postquam
1605 907 1798 949 retinen-

216 964 321 1007 dum
368 966 507 1008 suasit
543 966 837 1009 accusativum
876 964 992 1007 τύνὸε
1031 969 1077 1009 61
1114 963 1161 1007 δέ
1197 965 1456 1022 particulam
1488 965 1719 1009 delendam
1748 970 1800 1009 ut

222 1022 319 1065 ισὺν
351 1023 452 1082 τύχῃ
487 1023 581 1066 τινὰ
617 1026 984 1082 conjungerentur
1013 1040 1111 1069 cum
1142 1025 1522 1081 subsequentibuS‚
1555 1040 1706 1069 versus
1739 1027 1801 1069 sic

214 1085 530 1141 interpretatus
562 1089 631 1128 est
652 1086 778 1141 quasi
798 1100 876 1129 rex
896 1085 1149 1142 Megareum
1171 1085 1308 1141 digito
1329 1088 1592 1128 monstraret
1613 1099 1798 1141 eumque

218 1159 313 1188 sese
344 1145 578 1188 missurum
600 1145 785 1197 diceret3
815 1145 889 1189 ille
910 1149 1058 1189 autem
1080 1145 1242 1189 electus
1265 1145 1413 1188 statim
1440 1146 1495 1188 ad
1515 1149 1687 1202 portam
1708 1149 1798 1188 tra-

217 1204 353 1247 ditam
390 1205 647 1261 procederet
684 1203 791 1262 (vid.
823 1204 889 1246 καὶ
919 1203 971 1263 δὴ
1005 1204 1262 1261 πέπεμπται).
1307 1205 1422 1248 Η1116
1447 1205 1799 1261 interpretationi

216 1263 355 1310 multa
389 1263 582 1308 ..obstant
646 1264 819 1308 Etenim
865 1265 958 1308 sine
997 1264 1128 1309 dubio
1161 1268 1390 1321 corruptus
1429 1268 1497 1308 est
1527 1265 1797 1308 accusativus

220 1337 274 1363 rc·
252 1322 348 1376 ἰνὸε,
383 1339 469 1379 quo
501 1326 745 1368 accusativo
777 1325 933 1368 nititur
962 1329 1057 1368 tota
1086 1324 1280 1368 Richteri
1302 1325 1544 1381 explicatio.
1600 1324 1798 1380 Namque

218 1383 457 1428 rectissime
488 1384 656 1428 monuit
685 1384 947 1429 Ritschelius
979 1399 1066 1428 non
1095 1384 1291 1443 potuisse
1327 1384 1579 1440 Megareum
1609 1385 1799 1442 primum

215 1444 452 1517 significari
494 1446 748 1501 pronomine
800 1444 947 1494 »(7δει,
996 1445 1154 1489 deinde
1200 1446 1295 1502 ipso
1346 1445 1520 1488 nomine
1572 1445 1798 1501 appellari.

213 1503 348 1547 Porro
384 1519 483 1546 »συν
516 1502 617 1564 τύχῃ
652 1504 722 1546 τινὶ
761 1519 804 1546 π·
775 1502 947 1562 έμποιί
978 1502 1054 1546 ἄνα
1090 1504 1209 1563 apud
1237 1504 1361 1548 illum
1381 1505 1668 1562 interpretem
1688 1505 1798 1549 nihil

213 1569 398 1620 possunt
428 1565 572 1609 dicere
603 1566 689 1608 nisi
723 1566 919 1608 «mittam
951 1581 1048 1608 cum
1080 1569 1240 1609 eventu
1272 1565 1501 1621 quodem‹‚
1541 1580 1653 1621 quae
1690 1565 1796 1608 mihi

214 1624 389 1678 quidem
419 1625 547 1667 nimis
579 1624 788 1668 audacter
819 1624 937 1668 dicta
958 1625 1014 1668 ab
1040 1625 1229 1669 Eteoclis
1249 1625 1394 1667 animo
1415 1625 1560 1667 aliena
1578 1625 1795 1670 videntur.

211 1684 387 1727 Etenim
431 1685 587 1728 ceteris
633 1685 679 1727 in
719 1684 995 1728 'orationibus
1034 1700 1112 1728 rex
1142 1685 1283 1729 verbis
1313 1685 1523 1728 modestis
1555 1688 1687 1740 atque
1720 1685 1797 1729 de-

212 1744 356 1787 missis
388 1745 455 1787 uti
486 1744 614 1787 solet:
650 1745 711 1787 sic
741 1748 791 1787 ut
821 1744 908 1787 alia
938 1744 1149 1797 omittam,
1182 1745 1228 1787 in
1260 1748 1409 1787 sextae
1441 1744 1648 1787 orationis
1677 1745 1796 1788 exitu

211 1804 318 1848 haec
350 1804 475 1890 dicit:

499 1862 602 1906 θεοῦ
633 1863 680 1906 ὃὲ
711 1863 849 1922 δῶρόν
881 1862 983 1905 ἐστιν
1014 1863 1196 1923 εὐτυχεῖν
1221 1863 1408 1922 βροτούς.

210 1923 317 1968 Τ11111
349 1924 426 1968 illa
455 1925 629 1969 fictione
662 1940 715 1969 ex
747 1938 833 1980 qua
864 1924 997 1969 duces
1035 1924 1253 1981 designati
1273 1925 1423 1968 statim
1445 1924 1499 1968 de
1522 1938 1651 1969 scena
1672 1925 1793 1970 abire

210 1985 457 2039 cogitantur
502 2000 571 2028 me
612 1985 760 2040 judice
807 1984 914 2027 nihil
960 1984 1193 2028 absurdius
1239 1989 1386 2041 potest
1438 1985 1632 2052 reperiri
1702 1985 1796 2028 Hoc

210 2047 358 2088 tamen
394 2044 487 2088 viro
527 2044 653 2088 docto
686 2047 753 2087 est
784 2043 1107 2087 concedendum
1137 2045 1331 2102 potuisse
1363 2045 1537 2087 omnino
1567 2044 1656 2088 tale
1688 2045 1795 2100 quid

211 2105 464 2159 excogitari:
501 2104 578 2147 sed
610 2103 915 2160 opponendum
946 2114 1100 2147 censeo
1132 2104 1251 2147 1111118
1271 2105 1458 2147 fictionis
1480 2119 1535 2147 ne
1556 2105 1602 2146 in
1624 2104 1794 2149 duabus

211 2163 388 2218 quidem
433 2163 543 2206 aliis·
578 2163 846 2207 orationibus
878 2177 987 2218 quas
1018 2177 1107 2206 una
1138 2178 1236 2207 cum
1266 2164 1401 2207 tertia
1430 2164 1635 2207 tractavit
1674 2164 1794 2207 inve-

209 2223 294 2266 niri
325 2222 524 2279 vestigia.
587 2222 669 2266 His
702 2223 757 2267 de
789 2222 932 2266 causis
963 2223 1019 2266 ab
1050 2223 1167 2266 illius
1187 2222 1358 2267 ratione
1379 2222 1670 2266 recedendum
1691 2238 1792 2266 sua-

210 2282 293 2326 deo
324 2287 457 2339 atque
487 2284 622 2327 verba
652 2284 714 2327 sic
744 2283 1076 2340 interpretanda
1106 2288 1157 2327 ut
1185 2284 1298 2327 bene
1335 2283 1553 2339 quadrent
1576 2284 1632 2327 ad
1652 2284 1792 2327 fictio-

208 2358 310 2387 nem
341 2343 497 2387 ceteris
527 2344 574 2386 in
604 2343 872 2387 orationibus
903 2347 1134 2387 servatam.
1195 2343 1370 2387 Etenim
1399 2343 1588 2400 primum
1608 2343 1792 2387 offensio

208 2403 285 2447 illa
330 2418 358 2447 a
394 2404 630 2447 Ritschelio
668 2407 822 2447 notata
858 2404 968 2447 adeo
999 2404 1107 2447 mihi
1138 2408 1309 2448 constat
1339 2408 1390 2447 ut
1419 2403 1512 2452 loco
1558 2404 1792 2447 accusativi

214 2461 383 2504 »τόνὸεα
418 2463 664 2506 0111111ωοᾱο
695 2464 989 2520 reponendam
1020 2477 1115 2506 esse
1147 2466 1339 2506 statuam
1370 2463 1567 2519 ejusdem
1587 2464 1669 2505 viri
1690 2478 1791 2505 con-

204 2524 420 2580 jecturam
450 2523 714 2576 facillimam,
748 2522 844 2567 dico
877 2523 1069 2567 dativum
1103 2521 1212 2580 τῷδε
1238 2524 1314 2580 qui
1339 2523 1561 2581 pertineat
1581 2522 1639 2566 ad
1659 2522 1791 2567 Eteo-

209 2583 323 2626 clum
360 2583 504 2626 nuntii
541 2583 737 2626 oratione
775 2583 1011 2640 depictum.
1074 2583 1160 2627 Sed
1200 2584 1315 2639 quod
1344 2584 1460 2627 idem
1489 2583 1706 2640 interpres
1739 2585 1791 2626 de

209 2644 418 2687 orationis
451 2643 625 2688 defectu
656 2642 918 2700 excogitavit
945 2642 1054 2687 mihi
1085 2643 1261 2700 quidem
1291 2658 1379 2687 11011
1408 2642 1634 2701 probabile
1672 2644 1790 2687 vide-

208 2708 294 2747 tur.
357 2704 532 2747 Etenim
563 2718 675 2759 quae
706 2704 780 2748 ille
812 2705 963 2748 deesse
991 2704 1166 2761 putavit
1196 2719 1279 2747 non
1313 2708 1417 2747 sunt
1452 2704 1698 2747 necessaria
1733 2703 1791 2747 ad

209 2763 474 2808 sententiam
505 2763 777 2821 explendam.
839 2763 952 2808 Nam
983 2779 1080 2807 cum
1108 2764 1306 2808 debuerit
1328 2765 1485 2821 exponi
1504 2762 1690 2807 Martem
1711 2763 1790 2806 ad-

206 2825 407 2880 juturum
445 2838 540 2867 esse
570 2824 795 2867 Thebanos
826 2838 959 2867 causa
1003 2838 1090 2867 non
1136 2823 1421 2881 conspicitur:
1469 2839 1558 2866 non
1603 2824 1791 2866 finxerat

208 2884 390 2942 nuntius
435 2884 579 2943 ipsum
610 2884 820 2942 Argivum
864 2884 1139 2929 minitantem
1186 2898 1282 2929 sese
1319 2884 1451 2929 etiam
1482 2883 1623 2928 Marte
1653 2883 1789 2927 invito
