2003 3216
822 116 1000 184 '‘*69
1062 104 1116 151 -⁴

181 254 326 295 tamen
360 227 564 306 equidem
593 249 699 295 mihi
734 259 928 306 unquam
957 248 1230 306 persuadebo
1265 253 1316 293 ut
1344 248 1559 306 Aeschylo
1589 260 1762 304 semper

182 323 352 354 summa
388 313 434 353 et
469 310 700 353 verborum
732 313 778 353 et
816 310 1132 354 sententiarum
1162 310 1287 366 copia
1316 309 1559 353 abundanti
1587 309 1760 351 inuram

182 370 317 415 talem
364 369 666 426 ignominiam:
713 370 845 413 immo
890 370 963 413 vix
1000 372 1154 427 potero
1185 370 1381 413 accusari
1415 369 1690 420 temeritatis,
1722 368 1762 410 si

182 434 376 474 statuam
407 430 588 473 alterius
619 429 738 474 chori
769 430 926 474 cantici
954 433 1098 474 totum
1126 428 1219 473 fere
1249 433 1555 486 argumentum
1585 433 1632 473 et
1661 442 1760 472 ora·

180 492 344 534 tionem
374 490 430 533 ab
460 489 548 533 alio
579 488 770 546 quodam
799 492 976 533 auctore
997 489 1055 532 ad
1075 490 1194 558 prius
1214 490 1429 532 canticum
1449 503 1550 532 vere
1570 488 1761 544 Aeschy-

180 551 297 593 leum
328 563 424 592 esse
454 549 644 594 formata
673 553 720 593 et
749 549 981 606 desumpta
1009 563 1064 593 ex
1093 549 1231 606 ipsius
1261 548 1463 605 Aeschyli
1493 550 1546 593 de
1582 548 1760 592 Atlante

182 609 446 652 narratione.

298 667 485 724 Reliqua
529 669 699 712 cantica
743 672 895 713 auctor
931 671 1027 712 tota
1063 667 1155 712 fere
1187 682 1265 711 suo
1296 668 1471 725 proprio
1502 682 1557 711 ex
1586 667 1760 723 ingenio

178 729 374 771 hausisse
410 728 604 774 videtur:
652 728 728 772 sed
768 743 853 784 quo
883 729 1021 784 magis
1050 742 1151 772 suas
1180 729 1315 785 ipsius
1338 729 1631 797 ‘cogitationes
1660 741 1760 784 pro-

178 788 294 840 tulit,
333 802 395 831 eo
421 787 589 832 facilius
618 788 900 844 intelligimus
938 792 1102 844 quanto
1133 788 1277 845 spatio
1307 789 1401 846 ejus
1430 788 1600 831 indoles
1630 788 1762 831 distet

180 847 237 891 ab
277 848 477 905 Aeschyli
523 849 710 904 ingenio.
771 848 884 891 Nam
928 849 1118 916 virgines
1156 861 1269 904 quae
1306 849 1353 891 in
1398 862 1528 891 scena
1573 851 1763 915 agantur

181 911 227 952 et
258 908 347 952 sint
375 907 526 953 futura
554 909 626 953 vix
657 911 828 961 curant,
861 908 939 953 sed
970 922 1025 952 ex
1054 908 1108 951 iis
1136 921 1249 965 quae
1275 911 1379 951 sunt
1397 907 1514 952 facta
1524 907 1761 976 sibiipsae

178 973 354 1011 sumunt
384 984 437 1012 ex
467 984 588 1012 more
618 969 970 1025 philosophorum
1001 969 1177 1013 vivendi
1195 983 1383 1012 normas.
1446 969 1525 1011 His
1545 972 1694 1011 tamen
1714 968 1760 1010 ιιι

178 1028 339 1071 normis
370 1028 684 1073 constituendis
712 1028 819 1071 mibi
849 1027 1027 1084 quidem
1057 1027 1191 1071 alium
1223 1028 1417 1071 animum
1447 1028 1676 1071 ostendere
1695 1028 1759 1070 vi-

179 1089 338 1131 dentur
367 1092 499 1144 atque
530 1089 577 1131 in
608 1089 869 1131 carminibus
900 1087 1190 1143 episodiisque
1219 1102 1322 1131 vere
1343 1087 1608 1144 Aeschyleis.
1655 1087 1759 1130 Ete-

178 1148 269 1190 nim
298 1148 345 1190 in
375 1148 538 1204 parodo
568 1148 636 1190 uti
662 1161 831 1190 summa
850 1147 1149 1190 misericordia
1167 1150 1352 1190 utuntur
1371 1148 1417 1189 in
1437 1146 1758 1198 Prometheum,

177 1207 238 1250 sic
281 1206 472 1269 flagrant
515 1208 562 1250 in
606 1207 758 1251 Jovem
803 1221 969 1250 summo
1014 1207 1115 1250 odio
1153 1206 1239 1262 (vv.
1272 1208 1357 1250 158
1389 1221 1498 1262 sqq„
1534 1207 1619 1250 164
1649 1220 1759 1262 sqq„

182 1267 265 1310 187
299 1265 437 1334 sqq.):
485 1280 572 1322 quo
617 1267 716 1310 odio
761 1270 907 1310 motae
952 1281 1040 1310 non
1086 1265 1291 1310 dubitant
1327 1267 1373 1309 in
1406 1281 1505 1309 eum
1536 1266 1762 1309 effundere

179 1325 315 1370 verba
350 1327 497 1383 impia.
559 1326 701 1379 Quid?
752 1326 862 1370 tales
892 1327 1081 1382 virgines
1111 1329 1344 1384 postquam
1375 1329 1678 1383 compererunt
1707 1340 1761 1369 ex

180 1379 441 1429 Prometheo
486 1400 574 1442 qua
620 1387 673 1429 de
720 1385 852 1429 causa
891 1388 1027 1430 tantis
1065 1386 1285 1430 laboribus
1314 1390 1551 1430 vexaretur
1582 1400 1610 1428 a
1638 1386 1759 1437 Jove,

179 1460 323 1490 nonne
360 1446 406 1500 ιιι
438 1461 538 1490 eum
570 1460 621 1490 eo
651 1445 973 1490 vehementiore
1004 1441 1102 1490 odio
1140 1445 1388 1490 debuerunt
1422 1446 1611 1490 incendi!
1676 1418 1762 1489 Sed

178 1506 254 1562 qui
292 1506 469 1561 quidem
507 1509 677 1548 attente
716 1506 873 1560 legerit
908 1522 976 1549 vv.
999 1507 1087 1549 528
1119 1520 1227 1561 sqq„
1268 1506 1308 1548 ei
1337 1520 1512 1549 versum
1542 1505 1763 1549 videbitur

179 1565 326 1610 odium
378 1580 592 1610 summam
638 1566 684 1609 in
728 1565 1031 1610 timiditatem.
1078 1564 1161 1609 hoc
1206 1565 1322 1609 enim
1368 1566 1657 1623 deprecantur
1705 1579 1761 1609 ne

177 1625 298 1668 Jovis
329 1625 398 1668 ira
428 1639 625 1680 unquam
656 1639 751 1668 sese
781 1626 1041 1676 insectatum
1078 1626 1170 1681 ipse
1202 1640 1294 1669 sese
1326 1626 1408 1668 diis
1438 1640 1519 1668 sua
1549 1626 1762 1668 sacrificia

179 1684 374 1730 facturas
421 1700 515 1734 esse
560 1685 822 1743 profitentur
866 1700 1008 1742 neque
1045 1684 1190 1729 verbis
1229 1685 1407 1742 quidem
1436 1685 1581 1743 impiis
1611 1685 1659 1729 in
1688 1699 1761 1729 eos

180 1760 352 1788 usuras.
414 1746 539 1788 Tales
572 1745 813 1788 Oceanides
844 1745 1108 1802 Aeschyleas
1137 1746 1273 1789 fuisse
1304 1750 1350 1788 et
1379 1747 1478 1801 ipsa
1499 1746 1663 1789 exodus
1683 1760 1761 1788 ne-

179 1809 275 1860 gat:
323 1819 515 1862 namque
548 1805 753 1863 quoniam
782 1806 829 1849 in
858 1805 1027 1861 parodo
1058 1819 1155 1849 sese
1186 1804 1437 1849 Promethei
1467 1806 1664 1861 partibus
1694 1804 1760 1848 fa-

176 1880 278 1909 vere
312 1870 463 1922 aperte
496 1866 740 1918 edixerunt,
772 1866 854 1909 hac
882 1866 926 1908 in
959 1880 1008 1909 re
1040 1866 1103 1909 sic
1132 1869 1416 1922 perseverant
1446 1870 1497 1908 ut
1525 1880 1613 1909 non
1633 1866 1760 1908 modo

178 1940 345 1981 poenas
376 1940 404 1969 a
433 1926 541 1970 Jove
574 1926 613 1969 ei
643 1926 870 1981 impositas
901 1940 991 1969 una
1023 1941 1122 1970 cum
1150 1941 1202 1969 eo
1222 1926 1315 1983 pati
1335 1927 1424 1969 sint
1442 1926 1759 1981 paratissimae,

182 1985 261 2029 sed
294 1987 429 2029 eti-am
458 1987 504 2029 in
524 1986 788 2030 Mercurium
819 1987 948 2030 deum
964 1986 1083 2043 juste
1114 1987 1435 2030 dissuadentem
1464 1986 1600 2043 impia
1627 1989 1760 2041 atque

178 2046 339 2089 acerba
384 2046 522 2090 verba
567 2047 710 2090 dicere
756 2061 843 2089 non
874 2045 1096 2090 dubitent:
1143 2046 1251 2090 haec
1286 2061 1357 2090 res
1389 2050 1660 2103 quantopere
1691 2061 1761 2089 re-

176 2110 342 2161 pugnet
372 2106 594 2150 vocabulis
623 2105 766 2149 illis»
746 2104 866 2164 »μηδ
893 2103 1062 2161 ἀλίτοιμι
1092 2105 1226 2159 hrot:
1252 2106 1313 2151 εἰς·
1339 2104 1487 2152 θεούς-ι
1539 2107 1759 2158 concedet,

177 2166 375 2233 quisquis
420 2169 566 2222 potest
605 2165 815 2221 judicare.
879 2165 1048 2208 Deinde
1088 2166 1285 2222 displicet
1314 2166 1392 2208 illa
1420 2166 1638 2235 virginum
1668 2167 1761 2222 opi-

176 2226 250 2268 nio
282 2237 414 2282 quam
443 2225 670 2283 proferunt
700 2225 755 2270 de
785 2225 812 2269 J
815 2240 905 2270 ov1s
926 2226 1253 2283 omnipotentia
1273 2226 1349 2283 qui
1370 2226 1560 2270 dicitur
1547 2241 1594 2269 111
1614 2242 1655 2270 v.
1672 2226 1760 2270 528

178 2285 310 2327 πάντα
357 2284 501 2340 νέμων.
562 2286 736 2329 Etenim
777 2287 823 2328 ιιι
870 2286 991 2329 exitu
1037 2286 1222 2342 episodii
1259 2287 1445 2342 proximi
1474 2285 1761 2329 Prometheus

177 2346 502 2401 significaverat
532 2349 577 2390 et
606 2346 750 2403 ipsum
769 2345 924 2391 Jovem
954 2346 1216 2390 necessitate
1238 2359 1331 2389 esse
1351 2345 1621 2398 inferiorem3
1651 2345 1761 2389 haec

176 2406 438 2476 significatio
469 2420 613 2450 nonne
645 2405 800 2450 debuit
828 2406 875 2450 in
904 2406 1120 2462 virginum
1153 2407 1310 2450 animis
1331 2407 1648 2451 dubitationem
1667 2421 1760 2449 mo-

176 2481 277 2511 vere
308 2467 362 2510 de
393 2467 437 2511 vi
467 2470 600 2523 atque
631 2467 830 2524 potentia
860 2467 1017 2511 summi
1049 2467 1148 2512 dei?
1211 2466 1414 2511 Ceterum
1452 2466 1633 2510 dubium
1664 2481 1760 2511 esse

176 2542 263 2571 non
284 2530 434 2584 potest
451 2528 558 2583 quin
578 2531 735 2584 poetae
756 2527 977 2578 vocabula
1014 2525 1202 2585 »φρίσσω
1223 2525 1271 2569 δέ
1291 2542 1339 2569 σε
1359 2525 1589 2585 δερκομένα
1605 2541 1764 2597 μυριυις

172 2585 353 2649 μόχθοις
379 2584 707 2649 δαιιναίιῃιενον(
742 2588 1064 2640 conscribentis,
1097 2589 1243 2632 animo
1274 2589 1363 2631 sint
1382 2587 1637 2632 obversati
1625 2589 1761 2644 ipsius

177 2646 382 2704 Aeschyli
413 2662 484 2692 vv.
505 2639 697 2692 93-—'95.
741 2687 758 2692 ι

297 2707 421 2752 Idem
451 2706 570 2765 quod
596 2707 788 2766 judicavi
821 2709 877 2753 de
905 2707 1128 2753 vocabulis
1160 2708 1293 2751 πάντα
1325 2706 1457 2765 νέμων
1487 2708 1607 2753 cadit
1627 2709 1760 2752 etiam

176 2768 222 2811 in
255 2768 437 2811 alterius
467 2768 672 2826 strophae
702 2784 756 2812 v.
747 2768 868 2821 546,
900 2782 1042 2829 neque
1073 2769 1216 2824 magis
1246 2768 1391 2837 placet
1417 2772 1610 2812 ceterum
1630 2768 1760 2825 hujus

176 2828 381 2885 strophae
427 2833 745 2883 argumentum.
806 2828 980 2873 Etenim
1016 2829 1225 2885 quoniam
1261 2829 1307 2871 in
1337 2830 1534 2897 proximo
1553 2828 1760 2896 ‘episodio

175 2843 300 2932 fuitp
289 2902 431 2932 sermo
461 2885 517 2932 de
547 2887 698 2932 futura
728 2887 977 2933 Promethei
1005 2887 1266 2932 liberatione
1300 2892 1433 2946 atque
1454 2888 1643 2943 virgines
1663 2903 1760 2943 spe-
