<?xml version="1.0" encoding="UTF-8"?>
<!DOCTYPE html PUBLIC "-//W3C//DTD XHTML 1.0 Transitional//EN"
    "http://www.w3.org/TR/xhtml1/DTD/xhtml1-transitional.dtd">
<html xmlns="http://www.w3.org/1999/xhtml" xml:lang="en" lang="en">
 <head>
  <title>
</title>
<meta http-equiv="Content-Type" content="text/html;charset=utf-8" />
  <meta name='ocr-system' content='tesseract 3.04.00' />
  <meta name='ocr-capabilities' content='ocr_page ocr_carea ocr_par ocr_line ocrx_word'/>
</head>
<body>
  <div class='ocr_page' id='page_1' title='image "4738130_0030.png"; bbox 0 0 2003 3216; ppageno 0'>
   <div class='ocr_carea' id='block_1_1' title="bbox 841 87 1139 131">
    <p class='ocr_par' dir='ltr' id='par_1_1' title="bbox 841 87 1139 131">
     <span class='ocr_line' id='line_1_1' title="bbox 841 87 1139 131; baseline -0.003 -9"><span class='ocrx_word' id='word_1_1' title='bbox 841 87 1139 131; x_wconf 84' lang='lat'>-22—</span> 
     </span>
    </p>
   </div>
   <div class='ocr_carea' id='block_1_2' title="bbox 199 209 1845 2920">
    <p class='ocr_par' dir='ltr' id='par_1_2' title="bbox 199 209 1785 633">
     <span class='ocr_line' id='line_1_2' title="bbox 199 209 1783 275; baseline 0.001 -16"><span class='ocrx_word' id='word_1_2' title='bbox 199 217 477 261; x_wconf 82' lang='lat' dir='ltr'><strong>obstaturam</strong></span> <span class='ocrx_word' id='word_1_3' title='bbox 508 219 591 271; x_wconf 84' lang='lat' dir='ltr'><strong>ait3</strong></span> <span class='ocrx_word' id='word_1_4' title='bbox 630 221 675 262; x_wconf 94' lang='lat' dir='ltr'><strong>et</strong></span> <span class='ocrx_word' id='word_1_5' title='bbox 705 233 793 274; x_wconf 90' lang='lat' dir='ltr'><strong>quo</strong></span> <span class='ocrx_word' id='word_1_6' title='bbox 825 219 976 262; x_wconf 88' lang='lat' dir='ltr'><strong>durius</strong></span> <span class='ocrx_word' id='word_1_7' title='bbox 1013 232 1171 275; x_wconf 88' lang='lat' dir='ltr'><strong>praeco</strong></span> <span class='ocrx_word' id='word_1_8' title='bbox 1208 209 1372 275; x_wconf 68' lang='lat' dir='ltr'><strong>repetit</strong></span> <span class='ocrx_word' id='word_1_9' title='bbox 1392 218 1576 275; x_wconf 78' lang='lat' dir='ltr'><strong>-patriae</strong></span> <span class='ocrx_word' id='word_1_10' title='bbox 1611 217 1783 261; x_wconf 86' lang='lat' dir='ltr'><strong>hostem</strong></span> 
     </span>
     <span class='ocr_line' id='line_1_3' title="bbox 199 276 1784 335; baseline 0.001 -16"><span class='ocrx_word' id='word_1_11' title='bbox 199 278 419 333; x_wconf 85' lang='lat' dir='ltr'>exsequiis</span> <span class='ocrx_word' id='word_1_12' title='bbox 438 278 645 322; x_wconf 88' lang='lat' dir='ltr'><strong>honorari</strong></span> <span class='ocrx_word' id='word_1_13' title='bbox 665 293 752 322; x_wconf 90' lang='lat' dir='ltr'><strong>non</strong></span> <span class='ocrx_word' id='word_1_14' title='bbox 773 278 917 331; x_wconf 90' lang='lat' dir='ltr'><strong>licere,</strong></span> <span class='ocrx_word' id='word_1_15' title='bbox 952 293 1004 323; x_wconf 92' lang='lat' dir='ltr'><strong>eo</strong></span> <span class='ocrx_word' id='word_1_16' title='bbox 1025 279 1186 322; x_wconf 90' lang='lat' dir='ltr'><strong>certius</strong></span> <span class='ocrx_word' id='word_1_17' title='bbox 1206 278 1451 335; x_wconf 88' lang='lat' dir='ltr'><strong>profitetur,</strong></span> <span class='ocrx_word' id='word_1_18' title='bbox 1483 292 1579 322; x_wconf 85' lang='lat' dir='ltr'><strong>sese</strong></span> <span class='ocrx_word' id='word_1_19' title='bbox 1601 276 1784 321; x_wconf 82' lang='lat' dir='ltr'><strong>fratrem</strong></span> 
     </span>
     <span class='ocr_line' id='line_1_4' title="bbox 199 336 1785 394; baseline 0 -15"><span class='ocrx_word' id='word_1_20' title='bbox 199 341 346 380; x_wconf 89' lang='lat' dir='ltr'><strong>terrae</strong></span> <span class='ocrx_word' id='word_1_21' title='bbox 377 338 549 394; x_wconf 83' lang='lat' dir='ltr'><strong>patriae</strong></span> <span class='ocrx_word' id='word_1_22' title='bbox 571 352 668 381; x_wconf 92' lang='lat' dir='ltr'><strong>esse</strong></span> <span class='ocrx_word' id='word_1_23' title='bbox 699 338 974 381; x_wconf 86' lang='lat' dir='ltr'><strong>tradituram.</strong></span> <span class='ocrx_word' id='word_1_24' title='bbox 1038 337 1168 381; x_wconf 88' lang='lat' dir='ltr'><strong>Chori</strong></span> <span class='ocrx_word' id='word_1_25' title='bbox 1188 341 1337 381; x_wconf 86' lang='lat' dir='ltr'><strong>autem</strong></span> <span class='ocrx_word' id='word_1_26' title='bbox 1363 338 1452 381; x_wconf 84' lang='lat' dir='ltr'><strong>dux</strong></span> <span class='ocrx_word' id='word_1_27' title='bbox 1477 336 1785 380; x_wconf 82' lang='lat' dir='ltr'><strong>animo-volvit</strong></span> 
     </span>
     <span class='ocr_line' id='line_1_5' title="bbox 199 396 1784 454; baseline -0.001 -14"><span class='ocrx_word' id='word_1_28' title='bbox 199 400 349 440; x_wconf 92' lang='lat' dir='ltr'><strong>utrum</strong></span> <span class='ocrx_word' id='word_1_29' title='bbox 369 396 590 441; x_wconf 88' lang='lat' dir='ltr'><strong>Eteoclem</strong></span> <span class='ocrx_word' id='word_1_30' title='bbox 621 401 913 454; x_wconf 87' lang='lat' dir='ltr'><strong>prosequatur</strong></span> <span class='ocrx_word' id='word_1_31' title='bbox 943 412 1000 441; x_wconf 89' lang='lat' dir='ltr'><strong>an</strong></span> <span class='ocrx_word' id='word_1_32' title='bbox 1030 398 1175 454; x_wconf 88' lang='lat' dir='ltr'><strong>potius</strong></span> <span class='ocrx_word' id='word_1_33' title='bbox 1205 396 1468 452; x_wconf 72' lang='lat' dir='ltr'><strong>Polynicem,</strong></span> <span class='ocrx_word' id='word_1_34' title='bbox 1502 398 1577 453; x_wconf 93' lang='lat' dir='ltr'><strong>qui</strong></span> <span class='ocrx_word' id='word_1_35' title='bbox 1607 411 1635 440; x_wconf 91' lang='lat' dir='ltr'><strong>a</strong></span> <span class='ocrx_word' id='word_1_36' title='bbox 1663 396 1784 439; x_wconf 92' lang='lat' dir='ltr'><strong>nullo</strong></span> 
     </span>
     <span class='ocr_line' id='line_1_6' title="bbox 200 456 1784 514; baseline 0 -15"><span class='ocrx_word' id='word_1_37' title='bbox 200 456 406 513; x_wconf 88' lang='lat' dir='ltr'><strong>lugeatur</strong></span> <span class='ocrx_word' id='word_1_38' title='bbox 435 457 520 500; x_wconf 91' lang='lat' dir='ltr'><strong>nisi</strong></span> <span class='ocrx_word' id='word_1_39' title='bbox 551 471 579 500; x_wconf 91' lang='lat' dir='ltr'><strong>a</strong></span> <span class='ocrx_word' id='word_1_40' title='bbox 610 471 781 508; x_wconf 83' lang='lat' dir='ltr'><strong>sorore3</strong></span> <span class='ocrx_word' id='word_1_41' title='bbox 813 461 858 500; x_wconf 91' lang='lat' dir='ltr'><strong>et</strong></span> <span class='ocrx_word' id='word_1_42' title='bbox 890 457 995 501; x_wconf 93' lang='lat' dir='ltr'><strong>dum</strong></span> <span class='ocrx_word' id='word_1_43' title='bbox 1027 471 1128 500; x_wconf 91' lang='lat' dir='ltr'><strong>suos</strong></span> <span class='ocrx_word' id='word_1_44' title='bbox 1160 471 1358 513; x_wconf 89' lang='lat' dir='ltr'><strong>quaeque</strong></span> <span class='ocrx_word' id='word_1_45' title='bbox 1391 471 1493 514; x_wconf 88' lang='lat' dir='ltr'><strong>pars</strong></span> <span class='ocrx_word' id='word_1_46' title='bbox 1524 460 1784 514; x_wconf 82' lang='lat' dir='ltr'><strong>anapaestos</strong></span> 
     </span>
     <span class='ocr_line' id='line_1_7' title="bbox 201 516 1785 598; baseline 0 -38"><span class='ocrx_word' id='word_1_47' title='bbox 201 517 380 574; x_wconf 87' lang='lat' dir='ltr'><strong>repetit,</strong></span> <span class='ocrx_word' id='word_1_48' title='bbox 428 517 570 561; x_wconf 89' lang='lat' dir='ltr'><strong>altera</strong></span> <span class='ocrx_word' id='word_1_49' title='bbox 600 516 851 585; x_wconf 80' lang='lat' dir='ltr'><strong>Polynicem</strong></span> <span class='ocrx_word' id='word_1_50' title='bbox 890 520 1024 573; x_wconf 92' lang='lat' dir='ltr'><strong>atque</strong></span> <span class='ocrx_word' id='word_1_51' title='bbox 1055 517 1338 573; x_wconf 82' lang='lat' dir='ltr'><strong>Antigonam,</strong></span> <span class='ocrx_word' id='word_1_52' title='bbox 1387 517 1528 598; x_wconf 81' lang='lat' dir='ltr'><strong>altera</strong></span> <span class='ocrx_word' id='word_1_53' title='bbox 1563 516 1785 561; x_wconf 90' lang='lat' dir='ltr'><strong>Eteoclem</strong></span> 
     </span>
     <span class='ocr_line' id='line_1_8' title="bbox 201 577 1116 633; baseline 0.001 -14"><span class='ocrx_word' id='word_1_54' title='bbox 201 581 334 632; x_wconf 90' lang='lat' dir='ltr'><strong>atque</strong></span> <span class='ocrx_word' id='word_1_55' title='bbox 367 577 585 620; x_wconf 90' lang='lat' dir='ltr'><strong>Ismenam</strong></span> <span class='ocrx_word' id='word_1_56' title='bbox 616 578 742 633; x_wconf 92' lang='lat' dir='ltr'><strong>sequi</strong></span> <span class='ocrx_word' id='word_1_57' title='bbox 772 581 841 620; x_wconf 92' lang='lat' dir='ltr'><strong>est</strong></span> <span class='ocrx_word' id='word_1_58' title='bbox 871 577 1116 633; x_wconf 88' lang='lat' dir='ltr'><strong>cogitanda.</strong></span> 
     </span>
    </p>

    <p class='ocr_par' dir='ltr' id='par_1_3' title="bbox 201 637 1798 2437">
     <span class='ocr_line' id='line_1_9' title="bbox 326 637 1785 695; baseline 0.001 -15"><span class='ocrx_word' id='word_1_59' title='bbox 326 637 412 681; x_wconf 87' lang='lat' dir='ltr'><strong>Sed</strong></span> <span class='ocrx_word' id='word_1_60' title='bbox 434 637 661 693; x_wconf 89' lang='lat' dir='ltr'><strong>quaeritur</strong></span> <span class='ocrx_word' id='word_1_61' title='bbox 683 638 796 681; x_wconf 86' lang='lat' dir='ltr'><strong>sitne</strong></span> <span class='ocrx_word' id='word_1_62' title='bbox 826 641 1022 681; x_wconf 89' lang='lat' dir='ltr'><strong>extrema</strong></span> <span class='ocrx_word' id='word_1_63' title='bbox 1036 652 1153 695; x_wconf 82' lang='lat' dir='ltr'><strong>parS,</strong></span> <span class='ocrx_word' id='word_1_64' title='bbox 1171 652 1283 693; x_wconf 87' lang='lat' dir='ltr'><strong>quae</strong></span> <span class='ocrx_word' id='word_1_65' title='bbox 1300 652 1517 681; x_wconf 91' lang='lat' dir='ltr'><strong>summum</strong></span> <span class='ocrx_word' id='word_1_66' title='bbox 1532 637 1785 693; x_wconf 87' lang='lat' dir='ltr'><strong>tragoediae</strong></span> 
     </span>
     <span class='ocr_line' id='line_1_10' title="bbox 202 697 1786 755; baseline 0.001 -16"><span class='ocrx_word' id='word_1_67' title='bbox 202 697 427 739; x_wconf 89' lang='lat' dir='ltr'><strong>consilium</strong></span> <span class='ocrx_word' id='word_1_68' title='bbox 460 698 701 752; x_wconf 89' lang='lat' dir='ltr'><strong>egreditur,</strong></span> <span class='ocrx_word' id='word_1_69' title='bbox 742 697 838 740; x_wconf 89' lang='lat' dir='ltr'><strong>dico</strong></span> <span class='ocrx_word' id='word_1_70' title='bbox 870 711 968 740; x_wconf 90' lang='lat' dir='ltr'><strong>eam</strong></span> <span class='ocrx_word' id='word_1_71' title='bbox 1007 702 1179 754; x_wconf 90' lang='lat' dir='ltr'><strong>partem</strong></span> <span class='ocrx_word' id='word_1_72' title='bbox 1226 712 1339 752; x_wconf 90' lang='lat' dir='ltr'><strong>quae</strong></span> <span class='ocrx_word' id='word_1_73' title='bbox 1378 702 1447 741; x_wconf 93' lang='lat' dir='ltr'><strong>est</strong></span> <span class='ocrx_word' id='word_1_74' title='bbox 1483 699 1535 741; x_wconf 88' lang='lat' dir='ltr'><strong>de</strong></span> <span class='ocrx_word' id='word_1_75' title='bbox 1573 712 1786 755; x_wconf 90' lang='lat' dir='ltr'><strong>praecone</strong></span> 
     </span>
     <span class='ocr_line' id='line_1_11' title="bbox 201 757 1783 813; baseline 0 -13"><span class='ocrx_word' id='word_1_76' title='bbox 201 760 453 800; x_wconf 91' lang='lat' dir='ltr'><strong>senatorum</strong></span> <span class='ocrx_word' id='word_1_77' title='bbox 481 758 658 801; x_wconf 88' lang='lat' dir='ltr'><strong>decreta</strong></span> <span class='ocrx_word' id='word_1_78' title='bbox 687 757 919 800; x_wconf 88' lang='lat' dir='ltr'><strong>nuntiante</strong></span> <span class='ocrx_word' id='word_1_79' title='bbox 951 761 996 801; x_wconf 92' lang='lat' dir='ltr'><strong>et</strong></span> <span class='ocrx_word' id='word_1_80' title='bbox 1028 758 1081 801; x_wconf 93' lang='lat' dir='ltr'><strong>de</strong></span> <span class='ocrx_word' id='word_1_81' title='bbox 1103 757 1322 813; x_wconf 87' lang='lat' dir='ltr'><strong>Antigona</strong></span> <span class='ocrx_word' id='word_1_82' title='bbox 1352 758 1537 802; x_wconf 86' lang='lat' dir='ltr'><strong>decretis</strong></span> <span class='ocrx_word' id='word_1_83' title='bbox 1568 758 1783 810; x_wconf 87' lang='lat' dir='ltr'><strong>obstante,</strong></span> 
     </span>
     <span class='ocr_line' id='line_1_12' title="bbox 202 817 1788 874; baseline 0.001 -15"><span class='ocrx_word' id='word_1_84' title='bbox 202 818 264 859; x_wconf 94' lang='lat' dir='ltr'><strong>sic</strong></span> <span class='ocrx_word' id='word_1_85' title='bbox 284 821 535 873; x_wconf 88' lang='lat' dir='ltr'><strong>comparata</strong></span> <span class='ocrx_word' id='word_1_86' title='bbox 564 821 615 860; x_wconf 92' lang='lat' dir='ltr'><strong>ut</strong></span> <span class='ocrx_word' id='word_1_87' title='bbox 642 818 741 860; x_wconf 89' lang='lat' dir='ltr'><strong>finis</strong></span> <span class='ocrx_word' id='word_1_88' title='bbox 770 817 971 872; x_wconf 86' lang='lat' dir='ltr'><strong>trilogiae</strong></span> <span class='ocrx_word' id='word_1_89' title='bbox 994 817 1268 874; x_wconf 84' lang='lat' dir='ltr'><strong>Oedipodeae</strong></span> <span class='ocrx_word' id='word_1_90' title='bbox 1296 832 1392 861; x_wconf 89' lang='lat' dir='ltr'><strong>esse</strong></span> <span class='ocrx_word' id='word_1_91' title='bbox 1419 818 1571 874; x_wconf 86' lang='lat' dir='ltr'><strong>possit.</strong></span> <span class='ocrx_word' id='word_1_92' title='bbox 1613 817 1788 860; x_wconf 92' lang='lat' dir='ltr'><strong>Etenim</strong></span> 
     </span>
     <span class='ocr_line' id='line_1_13' title="bbox 202 876 1788 933; baseline 0.001 -14"><span class='ocrx_word' id='word_1_93' title='bbox 202 880 441 932; x_wconf 91' lang='lat' dir='ltr'><strong>antequam</strong></span> <span class='ocrx_word' id='word_1_94' title='bbox 472 876 672 933; x_wconf 84' lang='lat' dir='ltr'><strong>trilogiae</strong></span> <span class='ocrx_word' id='word_1_95' title='bbox 695 877 928 921; x_wconf 86' lang='lat' dir='ltr'><strong>didascalia</strong></span> <span class='ocrx_word' id='word_1_96' title='bbox 958 878 1137 921; x_wconf 85' lang='lat' dir='ltr'><strong>inventa</strong></span> <span class='ocrx_word' id='word_1_97' title='bbox 1158 881 1236 930; x_wconf 88' lang='lat' dir='ltr'><strong>est,</strong></span> <span class='ocrx_word' id='word_1_98' title='bbox 1270 877 1385 921; x_wconf 86' lang='lat' dir='ltr'><strong>docti</strong></span> <span class='ocrx_word' id='word_1_99' title='bbox 1411 892 1508 921; x_wconf 90' lang='lat' dir='ltr'><strong>cum</strong></span> <span class='ocrx_word' id='word_1_100' title='bbox 1535 877 1631 921; x_wconf 85' lang='lat' dir='ltr'><strong>aliis</strong></span> <span class='ocrx_word' id='word_1_101' title='bbox 1659 877 1788 921; x_wconf 91' lang='lat' dir='ltr'><strong>rebus</strong></span> 
     </span>
     <span class='ocr_line' id='line_1_14' title="bbox 202 936 1788 995; baseline 0 -15"><span class='ocrx_word' id='word_1_102' title='bbox 202 941 297 980; x_wconf 89' lang='lat' dir='ltr'><strong>tum</strong></span> <span class='ocrx_word' id='word_1_103' title='bbox 326 937 599 994; x_wconf 90' lang='lat' dir='ltr'><strong>potissimum</strong></span> <span class='ocrx_word' id='word_1_104' title='bbox 629 952 759 981; x_wconf 92' lang='lat' dir='ltr'><strong>scena</strong></span> <span class='ocrx_word' id='word_1_105' title='bbox 788 937 864 980; x_wconf 90' lang='lat' dir='ltr'><strong>illa</strong></span> <span class='ocrx_word' id='word_1_106' title='bbox 895 941 1092 981; x_wconf 87' lang='lat' dir='ltr'><strong>extrema</strong></span> <span class='ocrx_word' id='word_1_107' title='bbox 1112 938 1218 981; x_wconf 90' lang='lat' dir='ltr'><strong>moti</strong></span> <span class='ocrx_word' id='word_1_108' title='bbox 1250 941 1354 981; x_wconf 89' lang='lat' dir='ltr'><strong>sunt</strong></span> <span class='ocrx_word' id='word_1_109' title='bbox 1373 942 1423 981; x_wconf 93' lang='lat' dir='ltr'><strong>ut</strong></span> <span class='ocrx_word' id='word_1_110' title='bbox 1445 938 1564 995; x_wconf 88' lang='lat' dir='ltr'><strong>Sept.</strong></span> <span class='ocrx_word' id='word_1_111' title='bbox 1596 936 1788 981; x_wconf 87' lang='lat' dir='ltr'><strong>fabulam</strong></span> 
     </span>
     <span class='ocr_line' id='line_1_15' title="bbox 204 997 1789 1054; baseline 0.001 -15"><span class='ocrx_word' id='word_1_112' title='bbox 204 997 292 1040; x_wconf 88' lang='lat' dir='ltr'><strong>alia</strong></span> <span class='ocrx_word' id='word_1_113' title='bbox 323 998 511 1052; x_wconf 91' lang='lat' dir='ltr'><strong>quadam</strong></span> <span class='ocrx_word' id='word_1_114' title='bbox 548 998 776 1053; x_wconf 84' lang='lat' dir='ltr'><strong>tragoedia</strong></span> <span class='ocrx_word' id='word_1_115' title='bbox 814 1001 1042 1054; x_wconf 86' lang='lat' dir='ltr'><strong>exceptam</strong></span> <span class='ocrx_word' id='word_1_116' title='bbox 1074 1012 1167 1041; x_wconf 87' lang='lat' dir='ltr'><strong>esse</strong></span> <span class='ocrx_word' id='word_1_117' title='bbox 1200 1001 1457 1041; x_wconf 88' lang='lat' dir='ltr'><strong>statuerent.</strong></span> <span class='ocrx_word' id='word_1_118' title='bbox 1536 998 1622 1042; x_wconf 85' lang='lat' dir='ltr'><strong>Sed</strong></span> <span class='ocrx_word' id='word_1_119' title='bbox 1653 1011 1703 1041; x_wconf 91' lang='lat' dir='ltr'><strong>eo</strong></span> <span class='ocrx_word' id='word_1_120' title='bbox 1736 1012 1789 1041; x_wconf 89' lang='lat' dir='ltr'><strong>ex</strong></span> 
     </span>
     <span class='ocr_line' id='line_1_16' title="bbox 202 1056 1789 1114; baseline 0 -14"><span class='ocrx_word' id='word_1_121' title='bbox 202 1061 399 1114; x_wconf 90' lang='lat' dir='ltr'><strong>tempore</strong></span> <span class='ocrx_word' id='word_1_122' title='bbox 431 1072 517 1113; x_wconf 91' lang='lat' dir='ltr'><strong>quo</strong></span> <span class='ocrx_word' id='word_1_123' title='bbox 546 1056 778 1101; x_wconf 84' lang='lat' dir='ltr'><strong>didescalia</strong></span> <span class='ocrx_word' id='word_1_124' title='bbox 802 1058 982 1102; x_wconf 88' lang='lat' dir='ltr'><strong>inventa</strong></span> <span class='ocrx_word' id='word_1_125' title='bbox 1014 1062 1186 1100; x_wconf 89' lang='lat' dir='ltr'><strong>constat</strong></span> <span class='ocrx_word' id='word_1_126' title='bbox 1218 1058 1339 1114; x_wconf 86' lang='lat' dir='ltr'><strong>Sept.</strong></span> <span class='ocrx_word' id='word_1_127' title='bbox 1368 1057 1563 1101; x_wconf 87' lang='lat' dir='ltr'><strong>fabulam</strong></span> <span class='ocrx_word' id='word_1_128' title='bbox 1589 1057 1789 1113; x_wconf 86' lang='lat' dir='ltr'><strong>trilogiae</strong></span> 
     </span>
     <span class='ocr_line' id='line_1_17' title="bbox 202 1117 1789 1175; baseline 0.001 -15"><span class='ocrx_word' id='word_1_129' title='bbox 202 1117 337 1160; x_wconf 85' lang='lat' dir='ltr'><strong>fuisse</strong></span> <span class='ocrx_word' id='word_1_130' title='bbox 386 1121 647 1170; x_wconf 88' lang='lat' dir='ltr'><strong>extremam,</strong></span> <span class='ocrx_word' id='word_1_131' title='bbox 695 1118 960 1175; x_wconf 89' lang='lat' dir='ltr'><strong>interpretes</strong></span> <span class='ocrx_word' id='word_1_132' title='bbox 1005 1118 1050 1161; x_wconf 91' lang='lat' dir='ltr'><strong>id</strong></span> <span class='ocrx_word' id='word_1_133' title='bbox 1096 1132 1226 1173; x_wconf 89' lang='lat' dir='ltr'><strong>agere</strong></span> <span class='ocrx_word' id='word_1_134' title='bbox 1273 1121 1377 1161; x_wconf 88' lang='lat' dir='ltr'><strong>sunt</strong></span> <span class='ocrx_word' id='word_1_135' title='bbox 1408 1117 1525 1161; x_wconf 90' lang='lat' dir='ltr'><strong>soliti</strong></span> <span class='ocrx_word' id='word_1_136' title='bbox 1561 1121 1612 1161; x_wconf 93' lang='lat' dir='ltr'><strong>ut</strong></span> <span class='ocrx_word' id='word_1_137' title='bbox 1641 1121 1789 1161; x_wconf 91' lang='lat' dir='ltr'><strong>osten-</strong></span> 
     </span>
     <span class='ocr_line' id='line_1_18' title="bbox 205 1177 1788 1235; baseline 0 -14"><span class='ocrx_word' id='word_1_138' title='bbox 205 1178 362 1221; x_wconf 90' lang='lat' dir='ltr'><strong>derent</strong></span> <span class='ocrx_word' id='word_1_139' title='bbox 408 1178 680 1234; x_wconf 87' lang='lat' dir='ltr'><strong>tragoediam</strong></span> <span class='ocrx_word' id='word_1_140' title='bbox 709 1177 787 1221; x_wconf 91' lang='lat' dir='ltr'><strong>illa</strong></span> <span class='ocrx_word' id='word_1_141' title='bbox 825 1179 871 1221; x_wconf 91' lang='lat' dir='ltr'><strong>in</strong></span> <span class='ocrx_word' id='word_1_142' title='bbox 919 1192 1050 1221; x_wconf 89' lang='lat' dir='ltr'><strong>scena</strong></span> <span class='ocrx_word' id='word_1_143' title='bbox 1095 1178 1319 1235; x_wconf 87' lang='lat' dir='ltr'><strong>aptissime</strong></span> <span class='ocrx_word' id='word_1_144' title='bbox 1364 1193 1491 1235; x_wconf 88' lang='lat' dir='ltr'><strong>posse</strong></span> <span class='ocrx_word' id='word_1_145' title='bbox 1537 1178 1788 1222; x_wconf 89' lang='lat' dir='ltr'><strong>subsistere.</strong></span> 
     </span>
     <span class='ocr_line' id='line_1_19' title="bbox 204 1238 1790 1296; baseline 0.001 -15"><span class='ocrx_word' id='word_1_146' title='bbox 204 1238 262 1282; x_wconf 89' lang='lat' dir='ltr'><strong>Et</strong></span> <span class='ocrx_word' id='word_1_147' title='bbox 293 1241 390 1282; x_wconf 90' lang='lat' dir='ltr'><strong>erat</strong></span> <span class='ocrx_word' id='word_1_148' title='bbox 418 1239 473 1281; x_wconf 92' lang='lat' dir='ltr'><strong>iis</strong></span> <span class='ocrx_word' id='word_1_149' title='bbox 506 1239 892 1282; x_wconf 89' lang='lat' dir='ltr'><strong>demonstrandum</strong></span> <span class='ocrx_word' id='word_1_150' title='bbox 930 1241 1199 1296; x_wconf 81' lang='lat' dir='ltr'><strong>spectatores</strong></span> <span class='ocrx_word' id='word_1_151' title='bbox 1236 1253 1324 1281; x_wconf 92' lang='lat' dir='ltr'><strong>non</strong></span> <span class='ocrx_word' id='word_1_152' title='bbox 1356 1253 1530 1282; x_wconf 89' lang='lat' dir='ltr'><strong>securos</strong></span> <span class='ocrx_word' id='word_1_153' title='bbox 1561 1253 1704 1296; x_wconf 86' lang='lat' dir='ltr'><strong>neque</strong></span> <span class='ocrx_word' id='word_1_154' title='bbox 1736 1240 1790 1282; x_wconf 93' lang='lat' dir='ltr'><strong>de</strong></span> 
     </span>
     <span class='ocr_line' id='line_1_20' title="bbox 204 1298 1789 1356; baseline 0.001 -15"><span class='ocrx_word' id='word_1_155' title='bbox 204 1298 410 1355; x_wconf 83' lang='lat' dir='ltr'><strong>Polynice</strong></span> <span class='ocrx_word' id='word_1_156' title='bbox 443 1298 667 1356; x_wconf 89' lang='lat' dir='ltr'><strong>sepliendo</strong></span> <span class='ocrx_word' id='word_1_157' title='bbox 689 1313 831 1354; x_wconf 93' lang='lat' dir='ltr'><strong>neque</strong></span> <span class='ocrx_word' id='word_1_158' title='bbox 855 1299 907 1342; x_wconf 93' lang='lat' dir='ltr'><strong>de</strong></span> <span class='ocrx_word' id='word_1_159' title='bbox 929 1299 1175 1354; x_wconf 89' lang='lat' dir='ltr'><strong>Antigonae</strong></span> <span class='ocrx_word' id='word_1_160' title='bbox 1208 1298 1349 1342; x_wconf 83' lang='lat' dir='ltr'><strong>salut-e</strong></span> <span class='ocrx_word' id='word_1_161' title='bbox 1371 1313 1394 1342; x_wconf 92' lang='lat' dir='ltr'><strong>e</strong></span> <span class='ocrx_word' id='word_1_162' title='bbox 1416 1299 1589 1343; x_wconf 87' lang='lat' dir='ltr'><strong>theatro</strong></span> <span class='ocrx_word' id='word_1_163' title='bbox 1618 1299 1789 1342; x_wconf 88' lang='lat' dir='ltr'><strong>dimitti.</strong></span> 
     </span>
     <span class='ocr_line' id='line_1_21' title="bbox 204 1359 1789 1415; baseline -0.001 -13"><span class='ocrx_word' id='word_1_164' title='bbox 204 1359 329 1410; x_wconf 83' lang='lat' dir='ltr'><strong>Quod</strong></span> <span class='ocrx_word' id='word_1_165' title='bbox 376 1363 426 1401; x_wconf 90' lang='lat' dir='ltr'><strong>ut</strong></span> <span class='ocrx_word' id='word_1_166' title='bbox 473 1360 774 1411; x_wconf 87' lang='lat' dir='ltr'><strong>ostenderent,</strong></span> <span class='ocrx_word' id='word_1_167' title='bbox 827 1359 908 1401; x_wconf 90' lang='lat' dir='ltr'><strong>hoc</strong></span> <span class='ocrx_word' id='word_1_168' title='bbox 950 1360 1226 1415; x_wconf 89' lang='lat' dir='ltr'><strong>potissimum</strong></span> <span class='ocrx_word' id='word_1_169' title='bbox 1271 1364 1528 1414; x_wconf 89' lang='lat' dir='ltr'><strong>argumento</strong></span> <span class='ocrx_word' id='word_1_170' title='bbox 1574 1360 1644 1402; x_wconf 90' lang='lat' dir='ltr'><strong>usi</strong></span> <span class='ocrx_word' id='word_1_171' title='bbox 1662 1363 1789 1411; x_wconf 85' lang='lat' dir='ltr'><strong>sunt,</strong></span> 
     </span>
     <span class='ocr_line' id='line_1_22' title="bbox 203 1418 1789 1476; baseline 0 -14"><span class='ocrx_word' id='word_1_172' title='bbox 203 1419 469 1475; x_wconf 88' lang='lat' dir='ltr'><strong>Antigonam</strong></span> <span class='ocrx_word' id='word_1_173' title='bbox 499 1423 593 1462; x_wconf 91' lang='lat' dir='ltr'><strong>tam</strong></span> <span class='ocrx_word' id='word_1_174' title='bbox 613 1418 717 1462; x_wconf 85' lang='lat' dir='ltr'><strong>forti</strong></span> <span class='ocrx_word' id='word_1_175' title='bbox 748 1419 893 1462; x_wconf 92' lang='lat' dir='ltr'><strong>animo</strong></span> <span class='ocrx_word' id='word_1_176' title='bbox 915 1433 1071 1462; x_wconf 91' lang='lat' dir='ltr'><strong>munus</strong></span> <span class='ocrx_word' id='word_1_177' title='bbox 1102 1418 1252 1462; x_wconf 88' lang='lat' dir='ltr'><strong>fratris</strong></span> <span class='ocrx_word' id='word_1_178' title='bbox 1285 1419 1525 1476; x_wconf 85' lang='lat' dir='ltr'><strong>sepeliendi</strong></span> <span class='ocrx_word' id='word_1_179' title='bbox 1556 1419 1789 1476; x_wconf 86' lang='lat' dir='ltr'><strong>suscipere,</strong></span> 
     </span>
     <span class='ocr_line' id='line_1_23' title="bbox 204 1479 1791 1536; baseline 0.001 -15"><span class='ocrx_word' id='word_1_180' title='bbox 204 1480 276 1522; x_wconf 84' lang='lat' dir='ltr'><strong>vix</strong></span> <span class='ocrx_word' id='word_1_181' title='bbox 307 1483 359 1521; x_wconf 93' lang='lat' dir='ltr'><strong>ut</strong></span> <span class='ocrx_word' id='word_1_182' title='bbox 390 1483 660 1536; x_wconf 90' lang='lat' dir='ltr'><strong>spectatores</strong></span> <span class='ocrx_word' id='word_1_183' title='bbox 698 1479 898 1522; x_wconf 88' lang='lat' dir='ltr'><strong>dubitare</strong></span> <span class='ocrx_word' id='word_1_184' title='bbox 937 1482 1119 1535; x_wconf 90' lang='lat' dir='ltr'><strong>possent</strong></span> <span class='ocrx_word' id='word_1_185' title='bbox 1158 1480 1264 1534; x_wconf 91' lang='lat' dir='ltr'><strong>quin</strong></span> <span class='ocrx_word' id='word_1_186' title='bbox 1295 1494 1450 1523; x_wconf 85' lang='lat' dir='ltr'><strong>revera</strong></span> <span class='ocrx_word' id='word_1_187' title='bbox 1481 1494 1533 1523; x_wconf 94' lang='lat' dir='ltr'><strong>eo</strong></span> <span class='ocrx_word' id='word_1_188' title='bbox 1567 1483 1684 1522; x_wconf 89' lang='lat' dir='ltr'><strong>esset</strong></span> <span class='ocrx_word' id='word_1_189' title='bbox 1717 1480 1791 1522; x_wconf 93' lang='lat' dir='ltr'><strong>de-</strong></span> 
     </span>
     <span class='ocr_line' id='line_1_24' title="bbox 204 1538 1789 1596; baseline -0.001 -15"><span class='ocrx_word' id='word_1_190' title='bbox 204 1539 421 1582; x_wconf 88' lang='lat' dir='ltr'><strong>functura.</strong></span> <span class='ocrx_word' id='word_1_191' title='bbox 507 1538 620 1582; x_wconf 90' lang='lat' dir='ltr'><strong>Huic</strong></span> <span class='ocrx_word' id='word_1_192' title='bbox 666 1542 924 1595; x_wconf 85' lang='lat' dir='ltr'><strong>argumento</strong></span> <span class='ocrx_word' id='word_1_193' title='bbox 971 1538 1078 1582; x_wconf 91' lang='lat' dir='ltr'><strong>haec</strong></span> <span class='ocrx_word' id='word_1_194' title='bbox 1124 1539 1327 1582; x_wconf 87' lang='lat' dir='ltr'><strong>videntur</strong></span> <span class='ocrx_word' id='word_1_195' title='bbox 1373 1554 1468 1583; x_wconf 91' lang='lat' dir='ltr'><strong>esse</strong></span> <span class='ocrx_word' id='word_1_196' title='bbox 1514 1540 1789 1596; x_wconf 88' lang='lat' dir='ltr'><strong>opponenda:</strong></span> 
     </span>
     <span class='ocr_line' id='line_1_25' title="bbox 204 1599 1793 1657; baseline 0.001 -15"><span class='ocrx_word' id='word_1_197' title='bbox 204 1601 394 1657; x_wconf 86' lang='lat' dir='ltr'><strong>primum</strong></span> <span class='ocrx_word' id='word_1_198' title='bbox 426 1600 463 1643; x_wconf 90' lang='lat' dir='ltr'><strong>si</strong></span> <span class='ocrx_word' id='word_1_199' title='bbox 495 1599 578 1643; x_wconf 89' lang='lat' dir='ltr'><strong>sibi</strong></span> <span class='ocrx_word' id='word_1_200' title='bbox 607 1600 908 1657; x_wconf 88' lang='lat' dir='ltr'><strong>proposuisset</strong></span> <span class='ocrx_word' id='word_1_201' title='bbox 943 1603 1076 1656; x_wconf 90' lang='lat' dir='ltr'><strong>poeta</strong></span> <span class='ocrx_word' id='word_1_202' title='bbox 1111 1603 1162 1643; x_wconf 93' lang='lat' dir='ltr'><strong>ut</strong></span> <span class='ocrx_word' id='word_1_203' title='bbox 1200 1603 1469 1656; x_wconf 88' lang='lat' dir='ltr'><strong>spectatores</strong></span> <span class='ocrx_word' id='word_1_204' title='bbox 1502 1601 1554 1644; x_wconf 93' lang='lat' dir='ltr'><strong>de</strong></span> <span class='ocrx_word' id='word_1_205' title='bbox 1587 1599 1793 1656; x_wconf 84' lang='lat' dir='ltr'><strong>Polynice</strong></span> 
     </span>
     <span class='ocr_line' id='line_1_26' title="bbox 204 1659 1795 1717; baseline 0 -15"><span class='ocrx_word' id='word_1_206' title='bbox 204 1659 455 1717; x_wconf 91' lang='lat' dir='ltr'><strong>sepeliendo</strong></span> <span class='ocrx_word' id='word_1_207' title='bbox 487 1663 629 1703; x_wconf 86' lang='lat' dir='ltr'><strong>certos</strong></span> <span class='ocrx_word' id='word_1_208' title='bbox 650 1661 859 1711; x_wconf 87' lang='lat' dir='ltr'><strong>mitteret,</strong></span> <span class='ocrx_word' id='word_1_209' title='bbox 892 1660 1038 1716; x_wconf 89' lang='lat' dir='ltr'><strong>aptius</strong></span> <span class='ocrx_word' id='word_1_210' title='bbox 1070 1675 1163 1702; x_wconf 90' lang='lat' dir='ltr'><strong>rem</strong></span> <span class='ocrx_word' id='word_1_211' title='bbox 1193 1660 1255 1702; x_wconf 90' lang='lat' dir='ltr'><strong>sic</strong></span> <span class='ocrx_word' id='word_1_212' title='bbox 1280 1664 1456 1716; x_wconf 90' lang='lat' dir='ltr'><strong>poterat</strong></span> <span class='ocrx_word' id='word_1_213' title='bbox 1485 1661 1712 1704; x_wconf 86' lang='lat' dir='ltr'><strong>instituere</strong></span> <span class='ocrx_word' id='word_1_214' title='bbox 1744 1664 1795 1702; x_wconf 90' lang='lat' dir='ltr'><strong>ut</strong></span> 
     </span>
     <span class='ocr_line' id='line_1_27' title="bbox 205 1720 1795 1777; baseline -0.001 -14"><span class='ocrx_word' id='word_1_215' title='bbox 205 1734 466 1777; x_wconf 86' lang='lat' dir='ltr'><strong>praeconem</strong></span> <span class='ocrx_word' id='word_1_216' title='bbox 487 1720 662 1763; x_wconf 84' lang='lat' dir='ltr'><strong>omnino</strong></span> <span class='ocrx_word' id='word_1_217' title='bbox 684 1735 773 1763; x_wconf 93' lang='lat' dir='ltr'><strong>non</strong></span> <span class='ocrx_word' id='word_1_218' title='bbox 792 1720 1075 1776; x_wconf 77' lang='lat' dir='ltr'><strong>produceret3</strong></span> <span class='ocrx_word' id='word_1_219' title='bbox 1108 1720 1262 1763; x_wconf 91' lang='lat' dir='ltr'><strong>deinde</strong></span> <span class='ocrx_word' id='word_1_220' title='bbox 1285 1735 1371 1775; x_wconf 89' lang='lat' dir='ltr'><strong>quo</strong></span> <span class='ocrx_word' id='word_1_221' title='bbox 1393 1721 1554 1764; x_wconf 90' lang='lat' dir='ltr'><strong>certius</strong></span> <span class='ocrx_word' id='word_1_222' title='bbox 1574 1720 1795 1775; x_wconf 86' lang='lat' dir='ltr'><strong>Antigona</strong></span> 
     </span>
     <span class='ocr_line' id='line_1_28' title="bbox 204 1780 1793 1837; baseline -0.001 -13"><span class='ocrx_word' id='word_1_223' title='bbox 204 1795 301 1824; x_wconf 89' lang='lat' dir='ltr'><strong>sese</strong></span> <span class='ocrx_word' id='word_1_224' title='bbox 348 1783 600 1823; x_wconf 89' lang='lat' dir='ltr'><strong>senatorum</strong></span> <span class='ocrx_word' id='word_1_225' title='bbox 639 1781 861 1823; x_wconf 88' lang='lat' dir='ltr'><strong>decretum</strong></span> <span class='ocrx_word' id='word_1_226' title='bbox 908 1783 1256 1836; x_wconf 87' lang='lat' dir='ltr'><strong>contempturam</strong></span> <span class='ocrx_word' id='word_1_227' title='bbox 1302 1795 1397 1824; x_wconf 90' lang='lat' dir='ltr'><strong>esse</strong></span> <span class='ocrx_word' id='word_1_228' title='bbox 1443 1780 1693 1837; x_wconf 90' lang='lat' dir='ltr'><strong>profitetur,</strong></span> <span class='ocrx_word' id='word_1_229' title='bbox 1742 1794 1793 1823; x_wconf 89' lang='lat' dir='ltr'><strong>eo</strong></span> 
     </span>
     <span class='ocr_line' id='line_1_29' title="bbox 205 1839 1795 1896; baseline -0.001 -12"><span class='ocrx_word' id='word_1_230' title='bbox 205 1840 345 1896; x_wconf 86' lang='lat' dir='ltr'><strong>magis</strong></span> <span class='ocrx_word' id='word_1_231' title='bbox 378 1840 574 1896; x_wconf 89' lang='lat' dir='ltr'><strong>suspensi</strong></span> <span class='ocrx_word' id='word_1_232' title='bbox 604 1841 717 1883; x_wconf 88' lang='lat' dir='ltr'><strong>fiunt</strong></span> <span class='ocrx_word' id='word_1_233' title='bbox 755 1840 894 1883; x_wconf 89' lang='lat' dir='ltr'><strong>nostri</strong></span> <span class='ocrx_word' id='word_1_234' title='bbox 933 1840 1067 1883; x_wconf 86' lang='lat' dir='ltr'><strong>animi</strong></span> <span class='ocrx_word' id='word_1_235' title='bbox 1099 1841 1152 1883; x_wconf 91' lang='lat' dir='ltr'><strong>de</strong></span> <span class='ocrx_word' id='word_1_236' title='bbox 1183 1839 1301 1883; x_wconf 91' lang='lat' dir='ltr'><strong>illius</strong></span> <span class='ocrx_word' id='word_1_237' title='bbox 1339 1840 1493 1884; x_wconf 89' lang='lat' dir='ltr'><strong>salute.</strong></span> <span class='ocrx_word' id='word_1_238' title='bbox 1564 1840 1649 1884; x_wconf 91' lang='lat' dir='ltr'><strong>Sed</strong></span> <span class='ocrx_word' id='word_1_239' title='bbox 1681 1840 1795 1883; x_wconf 88' lang='lat' dir='ltr'><strong>dicat</strong></span> 
     </span>
     <span class='ocr_line' id='line_1_30' title="bbox 207 1900 1795 1957; baseline -0.001 -14"><span class='ocrx_word' id='word_1_240' title='bbox 207 1901 425 1957; x_wconf 86' lang='lat' dir='ltr'><strong>quispiam</strong></span> <span class='ocrx_word' id='word_1_241' title='bbox 476 1900 584 1943; x_wconf 85' lang='lat' dir='ltr'><strong>nihil</strong></span> <span class='ocrx_word' id='word_1_242' title='bbox 637 1901 963 1944; x_wconf 89' lang='lat' dir='ltr'><strong>commemorari</strong></span> <span class='ocrx_word' id='word_1_243' title='bbox 1024 1900 1109 1942; x_wconf 88' lang='lat' dir='ltr'><strong>nisi</strong></span> <span class='ocrx_word' id='word_1_244' title='bbox 1156 1904 1408 1943; x_wconf 88' lang='lat' dir='ltr'><strong>senatorum</strong></span> <span class='ocrx_word' id='word_1_245' title='bbox 1454 1901 1660 1951; x_wconf 81' lang='lat' dir='ltr'><strong>vetitum3</strong></span> <span class='ocrx_word' id='word_1_246' title='bbox 1707 1914 1795 1943; x_wconf 89' lang='lat' dir='ltr'><strong>non</strong></span> 
     </span>
     <span class='ocr_line' id='line_1_31' title="bbox 208 1959 1793 2018; baseline -0.001 -14"><span class='ocrx_word' id='word_1_247' title='bbox 208 1961 337 2018; x_wconf 90' lang='lat' dir='ltr'><strong>adjici</strong></span> <span class='ocrx_word' id='word_1_248' title='bbox 376 1960 518 2016; x_wconf 90' lang='lat' dir='ltr'><strong>qualis</strong></span> <span class='ocrx_word' id='word_1_249' title='bbox 556 1974 700 2017; x_wconf 89' lang='lat' dir='ltr'><strong>poena</strong></span> <span class='ocrx_word' id='word_1_250' title='bbox 731 1961 789 2004; x_wconf 89' lang='lat' dir='ltr'><strong>sit</strong></span> <span class='ocrx_word' id='word_1_251' title='bbox 818 1960 986 2012; x_wconf 84' lang='lat' dir='ltr'><strong>futura,</strong></span> <span class='ocrx_word' id='word_1_252' title='bbox 1035 1961 1072 2003; x_wconf 92' lang='lat' dir='ltr'><strong>si</strong></span> <span class='ocrx_word' id='word_1_253' title='bbox 1108 1961 1205 2016; x_wconf 91' lang='lat' dir='ltr'><strong>quis</strong></span> <span class='ocrx_word' id='word_1_254' title='bbox 1237 1959 1487 2017; x_wconf 87' lang='lat' dir='ltr'><strong>Polynicem</strong></span> <span class='ocrx_word' id='word_1_255' title='bbox 1534 1960 1793 2017; x_wconf 86' lang='lat' dir='ltr'><strong>sepeliverit.</strong></span> 
     </span>
     <span class='ocr_line' id='line_1_32' title="bbox 207 2021 1795 2077; baseline -0.001 -13"><span class='ocrx_word' id='word_1_256' title='bbox 207 2021 302 2064; x_wconf 92' lang='lat' dir='ltr'><strong>Hoc</strong></span> <span class='ocrx_word' id='word_1_257' title='bbox 333 2021 520 2064; x_wconf 92' lang='lat' dir='ltr'><strong>concedo</strong></span> <span class='ocrx_word' id='word_1_258' title='bbox 567 2024 718 2077; x_wconf 89' lang='lat' dir='ltr'><strong>aperte</strong></span> <span class='ocrx_word' id='word_1_259' title='bbox 755 2034 943 2077; x_wconf 90' lang='lat' dir='ltr'><strong>poenam</strong></span> <span class='ocrx_word' id='word_1_260' title='bbox 974 2035 1059 2063; x_wconf 90' lang='lat' dir='ltr'><strong>non</strong></span> <span class='ocrx_word' id='word_1_261' title='bbox 1092 2021 1344 2076; x_wconf 88' lang='lat' dir='ltr'><strong>significari:</strong></span> <span class='ocrx_word' id='word_1_262' title='bbox 1400 2022 1475 2064; x_wconf 91' lang='lat' dir='ltr'><strong>sed</strong></span> <span class='ocrx_word' id='word_1_263' title='bbox 1508 2021 1584 2076; x_wconf 92' lang='lat' dir='ltr'><strong>qui</strong></span> <span class='ocrx_word' id='word_1_264' title='bbox 1621 2021 1795 2077; x_wconf 91' lang='lat' dir='ltr'><strong>quidem</strong></span> 
     </span>
     <span class='ocr_line' id='line_1_33' title="bbox 208 2080 1795 2138; baseline -0.001 -14"><span class='ocrx_word' id='word_1_265' title='bbox 208 2096 315 2124; x_wconf 88' lang='lat' dir='ltr'><strong>sano</strong></span> <span class='ocrx_word' id='word_1_266' title='bbox 358 2081 521 2138; x_wconf 89' lang='lat' dir='ltr'><strong>judicio</strong></span> <span class='ocrx_word' id='word_1_267' title='bbox 553 2084 717 2132; x_wconf 90' lang='lat' dir='ltr'><strong>utatur,</strong></span> <span class='ocrx_word' id='word_1_268' title='bbox 756 2080 882 2124; x_wconf 82' lang='lat' dir='ltr'><strong>facile</strong></span> <span class='ocrx_word' id='word_1_269' title='bbox 928 2080 1145 2136; x_wconf 91' lang='lat' dir='ltr'><strong>intelliget</strong></span> <span class='ocrx_word' id='word_1_270' title='bbox 1191 2081 1413 2124; x_wconf 88' lang='lat' dir='ltr'><strong>obversari</strong></span> <span class='ocrx_word' id='word_1_271' title='bbox 1457 2084 1614 2138; x_wconf 90' lang='lat' dir='ltr'><strong>poetae</strong></span> <span class='ocrx_word' id='word_1_272' title='bbox 1651 2081 1795 2123; x_wconf 91' lang='lat' dir='ltr'><strong>animo</strong></span> 
     </span>
     <span class='ocr_line' id='line_1_34' title="bbox 207 2140 1796 2199; baseline -0.001 -13"><span class='ocrx_word' id='word_1_273' title='bbox 207 2155 394 2199; x_wconf 89' lang='lat' dir='ltr'><strong>poenam</strong></span> <span class='ocrx_word' id='word_1_274' title='bbox 426 2141 728 2197; x_wconf 85' lang='lat' dir='ltr'><strong>gravissimam</strong></span> <span class='ocrx_word' id='word_1_275' title='bbox 759 2140 1004 2197; x_wconf 85' lang='lat' dir='ltr'><strong>Antigonae</strong></span> <span class='ocrx_word' id='word_1_276' title='bbox 1042 2140 1193 2198; x_wconf 91' lang='lat' dir='ltr'><strong>populi</strong></span> <span class='ocrx_word' id='word_1_277' title='bbox 1225 2142 1400 2185; x_wconf 88' lang='lat' dir='ltr'><strong>decreto</strong></span> <span class='ocrx_word' id='word_1_278' title='bbox 1432 2141 1625 2186; x_wconf 87' lang='lat' dir='ltr'><strong>obstanti</strong></span> <span class='ocrx_word' id='word_1_279' title='bbox 1654 2141 1796 2185; x_wconf 92' lang='lat' dir='ltr'><strong>immi-</strong></span> 
     </span>
     <span class='ocr_line' id='line_1_35' title="bbox 207 2201 1797 2257; baseline -0.001 -12"><span class='ocrx_word' id='word_1_280' title='bbox 207 2206 400 2245; x_wconf 90' lang='lat' dir='ltr'><strong>nentem.</strong></span> <span class='ocrx_word' id='word_1_281' title='bbox 479 2201 592 2245; x_wconf 90' lang='lat' dir='ltr'><strong>Nam</strong></span> <span class='ocrx_word' id='word_1_282' title='bbox 638 2202 675 2243; x_wconf 88' lang='lat' dir='ltr'><strong>si</strong></span> <span class='ocrx_word' id='word_1_283' title='bbox 721 2201 802 2244; x_wconf 93' lang='lat' dir='ltr'><strong>hoc</strong></span> <span class='ocrx_word' id='word_1_284' title='bbox 848 2202 1117 2256; x_wconf 83' lang='lat' dir='ltr'><strong>negabimus,</strong></span> <span class='ocrx_word' id='word_1_285' title='bbox 1167 2205 1212 2244; x_wconf 91' lang='lat' dir='ltr'><strong>et</strong></span> <span class='ocrx_word' id='word_1_286' title='bbox 1256 2202 1483 2257; x_wconf 90' lang='lat' dir='ltr'><strong>praeconis</strong></span> <span class='ocrx_word' id='word_1_287' title='bbox 1530 2203 1714 2244; x_wconf 88' lang='lat' dir='ltr'><strong>vetitum</strong></span> <span class='ocrx_word' id='word_1_288' title='bbox 1752 2205 1797 2243; x_wconf 89' lang='lat' dir='ltr'><strong>et</strong></span> 
     </span>
     <span class='ocr_line' id='line_1_36' title="bbox 208 2260 1798 2317; baseline 0 -13"><span class='ocrx_word' id='word_1_289' title='bbox 208 2262 454 2316; x_wconf 86' lang='lat' dir='ltr'><strong>Antigonae</strong></span> <span class='ocrx_word' id='word_1_290' title='bbox 486 2260 655 2304; x_wconf 87' lang='lat' dir='ltr'><strong>facinus</strong></span> <span class='ocrx_word' id='word_1_291' title='bbox 677 2260 840 2304; x_wconf 89' lang='lat' dir='ltr'><strong>nullius</strong></span> <span class='ocrx_word' id='word_1_292' title='bbox 872 2260 964 2305; x_wconf 84' lang='lat' dir='ltr'><strong>fere</strong></span> <span class='ocrx_word' id='word_1_293' title='bbox 997 2264 1126 2304; x_wconf 88' lang='lat' dir='ltr'><strong>erunt</strong></span> <span class='ocrx_word' id='word_1_294' title='bbox 1146 2261 1376 2312; x_wconf 87' lang='lat' dir='ltr'><strong>momenti;</strong></span> <span class='ocrx_word' id='word_1_295' title='bbox 1409 2276 1463 2305; x_wconf 88' lang='lat' dir='ltr'><strong>ex</strong></span> <span class='ocrx_word' id='word_1_296' title='bbox 1492 2261 1631 2317; x_wconf 91' lang='lat' dir='ltr'><strong>ipsius</strong></span> <span class='ocrx_word' id='word_1_297' title='bbox 1653 2261 1798 2317; x_wconf 90' lang='lat' dir='ltr'><strong>potius</strong></span> 
     </span>
     <span class='ocr_line' id='line_1_37' title="bbox 208 2320 1797 2380; baseline -0.001 -15"><span class='ocrx_word' id='word_1_298' title='bbox 208 2322 389 2377; x_wconf 86' lang='lat' dir='ltr'><strong>virginis</strong></span> <span class='ocrx_word' id='word_1_299' title='bbox 421 2321 564 2364; x_wconf 84' lang='lat' dir='ltr'><strong>verbis</strong></span> <span class='ocrx_word' id='word_1_300' title='bbox 603 2321 711 2364; x_wconf 90' lang='lat' dir='ltr'><strong>satis</strong></span> <span class='ocrx_word' id='word_1_301' title='bbox 748 2325 933 2380; x_wconf 86' lang='lat' dir='ltr'><strong>apparet</strong></span> <span class='ocrx_word' id='word_1_302' title='bbox 986 2335 1083 2365; x_wconf 89' lang='lat' dir='ltr'><strong>eam</strong></span> <span class='ocrx_word' id='word_1_303' title='bbox 1115 2328 1282 2364; x_wconf 88' lang='lat' dir='ltr'><strong>summo</strong></span> <span class='ocrx_word' id='word_1_304' title='bbox 1321 2322 1485 2365; x_wconf 85' lang='lat' dir='ltr'><strong>versari</strong></span> <span class='ocrx_word' id='word_1_305' title='bbox 1514 2322 1560 2364; x_wconf 90' lang='lat' dir='ltr'><strong>in</strong></span> <span class='ocrx_word' id='word_1_306' title='bbox 1591 2320 1797 2378; x_wconf 89' lang='lat' dir='ltr'><strong>periculo.</strong></span> 
     </span>
     <span class='ocr_line' id='line_1_38' title="bbox 209 2381 929 2437; baseline -0.003 -12"><span class='ocrx_word' id='word_1_307' title='bbox 209 2382 411 2437; x_wconf 91' lang='lat' dir='ltr'><strong>Namque</strong></span> <span class='ocrx_word' id='word_1_308' title='bbox 432 2381 477 2423; x_wconf 90' lang='lat' dir='ltr'><strong>in</strong></span> <span class='ocrx_word' id='word_1_309' title='bbox 509 2397 577 2424; x_wconf 86' lang='lat' dir='ltr'><strong>vv.</strong></span> <span class='ocrx_word' id='word_1_310' title='bbox 612 2381 929 2425; x_wconf 85' lang='lat'>1012—1013:</span> 
     </span>
    </p>

    <p class='ocr_par' dir='ltr' id='par_1_4' title="bbox 209 2439 1845 2920">
     <span class='ocr_line' id='line_1_39' title="bbox 561 2439 1407 2497; baseline 0 -14"><span class='ocrx_word' id='word_1_311' title='bbox 561 2440 642 2495; x_wconf 74' lang='grc' dir='ltr'><strong>ἐγώ</strong></span> <span class='ocrx_word' id='word_1_312' title='bbox 674 2455 756 2496; x_wconf 83' lang='grc' dir='ltr'><strong>σφε</strong></span> <span class='ocrx_word' id='word_1_313' title='bbox 788 2439 916 2497; x_wconf 71' lang='grc' dir='ltr'><em>θάψω</em></span> <span class='ocrx_word' id='word_1_314' title='bbox 946 2440 1048 2483; x_wconf 75' lang='grc' dir='ltr'><strong>κάνὰ</strong></span> <span class='ocrx_word' id='word_1_315' title='bbox 1079 2440 1258 2483; x_wconf 75' lang='grc' dir='ltr'><em>κίνδυνον</em></span> <span class='ocrx_word' id='word_1_316' title='bbox 1285 2441 1407 2497; x_wconf 78' lang='grc' dir='ltr'><em>βαλῶ</em></span> 
     </span>
     <span class='ocr_line' id='line_1_40' title="bbox 560 2499 1157 2559; baseline 0 -16"><span class='ocrx_word' id='word_1_317' title='bbox 560 2499 718 2558; x_wconf 63' lang='grc' dir='ltr'><strong>θάῲαθ</strong></span> <span class='ocrx_word' id='word_1_318' title='bbox 748 2500 930 2559; x_wconf 76' lang='grc' dir='ltr'><em>ἀδελφὸν</em></span> <span class='ocrx_word' id='word_1_319' title='bbox 962 2500 1029 2543; x_wconf 82' lang='grc' dir='ltr'><strong>τὸν</strong></span> <span class='ocrx_word' id='word_1_320' title='bbox 1060 2500 1157 2559; x_wconf 80' lang='grc' dir='ltr'><em>ἐμόν</em></span> 
     </span>
     <span class='ocr_line' id='line_1_41' title="bbox 209 2562 1798 2619; baseline 0 -14"><span class='ocrx_word' id='word_1_321' title='bbox 209 2564 308 2619; x_wconf 89' lang='lat' dir='ltr'><strong>ipsa</strong></span> <span class='ocrx_word' id='word_1_322' title='bbox 358 2563 592 2619; x_wconf 90' lang='lat' dir='ltr'><strong>profitetur</strong></span> <span class='ocrx_word' id='word_1_323' title='bbox 657 2576 753 2605; x_wconf 87' lang='lat' dir='ltr'><strong>sese</strong></span> <span class='ocrx_word' id='word_1_324' title='bbox 810 2562 1051 2618; x_wconf 90' lang='lat' dir='ltr'><strong>periculum</strong></span> <span class='ocrx_word' id='word_1_325' title='bbox 1111 2563 1328 2617; x_wconf 90' lang='lat' dir='ltr'><strong>quoddam</strong></span> <span class='ocrx_word' id='word_1_326' title='bbox 1388 2577 1483 2606; x_wconf 91' lang='lat' dir='ltr'><strong>esse</strong></span> <span class='ocrx_word' id='word_1_327' title='bbox 1545 2563 1798 2606; x_wconf 89' lang='lat' dir='ltr'><strong>subituram.</strong></span> 
     </span>
     <span class='ocr_line' id='line_1_42' title="bbox 209 2621 1845 2678; baseline 0.001 -14"><span class='ocrx_word' id='word_1_328' title='bbox 209 2623 364 2677; x_wconf 88' lang='lat' dir='ltr'><strong>Neque</strong></span> <span class='ocrx_word' id='word_1_329' title='bbox 399 2623 555 2664; x_wconf 78' lang='lat' dir='ltr'><strong>‘minus</strong></span> <span class='ocrx_word' id='word_1_330' title='bbox 593 2622 647 2664; x_wconf 91' lang='lat' dir='ltr'><strong>de</strong></span> <span class='ocrx_word' id='word_1_331' title='bbox 691 2621 882 2678; x_wconf 88' lang='lat' dir='ltr'><strong>periculo</strong></span> <span class='ocrx_word' id='word_1_332' title='bbox 930 2622 1122 2677; x_wconf 90' lang='lat' dir='ltr'><strong>cogitare</strong></span> <span class='ocrx_word' id='word_1_333' title='bbox 1169 2622 1360 2673; x_wconf 88' lang='lat' dir='ltr'><strong>videtur,</strong></span> <span class='ocrx_word' id='word_1_334' title='bbox 1410 2637 1508 2665; x_wconf 92' lang='lat' dir='ltr'><strong>cum</strong></span> <span class='ocrx_word' id='word_1_335' title='bbox 1545 2626 1697 2665; x_wconf 91' lang='lat' dir='ltr'><strong>utatur</strong></span> <span class='ocrx_word' id='word_1_336' title='bbox 1731 2638 1799 2665; x_wconf 82' lang='lat' dir='ltr'><strong>vv.</strong></span> <span class='ocrx_word' id='word_1_337' title='bbox 1835 2665 1845 2675; x_wconf 68' lang='lat'><strong>,</strong></span> 
     </span>
     <span class='ocr_line' id='line_1_43' title="bbox 562 2741 1437 2798; baseline 0 -14"><span class='ocrx_word' id='word_1_338' title='bbox 562 2742 698 2798; x_wconf 66' lang='grc' dir='ltr'><em>τοιγὰρ</em></span> <span class='ocrx_word' id='word_1_339' title='bbox 731 2741 892 2785; x_wconf 54' lang='grc' dir='ltr'><em>θέλουσ)</em></span> <span class='ocrx_word' id='word_1_340' title='bbox 924 2741 1054 2784; x_wconf 76' lang='grc' dir='ltr'><em>ἄκοντι</em></span> <span class='ocrx_word' id='word_1_341' title='bbox 1084 2743 1267 2793; x_wconf 37' lang='grc' dir='ltr'><em>κοινώνει,</em></span> <span class='ocrx_word' id='word_1_342' title='bbox 1291 2745 1437 2792; x_wconf 80' lang='grc' dir='ltr'><em>κακῶν,</em></span> 
     </span>
     <span class='ocr_line' id='line_1_44' title="bbox 561 2800 1370 2861; baseline 0.001 -17"><span class='ocrx_word' id='word_1_343' title='bbox 561 2800 855 2861; x_wconf 72' lang='grc' dir='ltr'><em>ψυχή,ι9ανόντι</em></span> <span class='ocrx_word' id='word_1_344' title='bbox 877 2802 992 2852; x_wconf 79' lang='grc' dir='ltr'><em>ζῶσα</em></span> <span class='ocrx_word' id='word_1_345' title='bbox 1023 2802 1206 2859; x_wconf 74' lang='grc' dir='ltr'><em>συγγόνῳ</em></span> <span class='ocrx_word' id='word_1_346' title='bbox 1237 2802 1370 2860; x_wconf 82' lang='grc' dir='ltr'><em>φρενί.</em></span> 
     </span>
     <span class='ocr_line' id='line_1_45' title="bbox 212 2862 1801 2920; baseline -0.001 -14"><span class='ocrx_word' id='word_1_347' title='bbox 212 2864 332 2915; x_wconf 89' lang='lat' dir='ltr'><strong>Quae</strong></span> <span class='ocrx_word' id='word_1_348' title='bbox 364 2864 499 2906; x_wconf 89' lang='lat' dir='ltr'><strong>verba</strong></span> <span class='ocrx_word' id='word_1_349' title='bbox 529 2864 575 2905; x_wconf 92' lang='lat' dir='ltr'><strong>in</strong></span> <span class='ocrx_word' id='word_1_350' title='bbox 607 2864 858 2906; x_wconf 85' lang='lat' dir='ltr'><strong>universum</strong></span> <span class='ocrx_word' id='word_1_351' title='bbox 890 2864 970 2906; x_wconf 92' lang='lat' dir='ltr'><strong>hoc</strong></span> <span class='ocrx_word' id='word_1_352' title='bbox 1002 2864 1151 2906; x_wconf 88' lang='lat' dir='ltr'><strong>dicunt</strong></span> <span class='ocrx_word' id='word_1_353' title='bbox 1194 2864 1383 2918; x_wconf 80' lang='lat' dir='ltr'><strong>»itaque,</strong></span> <span class='ocrx_word' id='word_1_354' title='bbox 1417 2862 1550 2920; x_wconf 76' lang='grc' dir='ltr'><strong><em>φυχὴ,</em></strong></span> <span class='ocrx_word' id='word_1_355' title='bbox 1581 2862 1801 2919; x_wconf 89' lang='lat' dir='ltr'><strong>particeps</strong></span> 
     </span>
    </p>
   </div>
  </div>
 </body>
</html>
