2003 3216
827 90 1123 130 —44-

180 220 521 276 disputationem
568 221 815 279 nuperrime
849 225 950 263 ante
982 221 1060 263 hos
1092 235 1254 276 paucos
1293 221 1386 263 dies
1417 221 1462 262 in
1493 220 1647 263 Philol.
1680 220 1762 263 vol.

185 280 267 323 140
300 295 372 337 pp.
408 281 559 323 227—
570 281 654 323 241
689 280 962 336 impugnavit
991 280 1108 324 idem
1140 281 1207 324 vir
1238 280 1404 332 doctus,
1438 281 1561 337 cujus
1595 295 1666 323 ars
1696 280 1763 323 in-

179 340 455 396 terpietandi
487 354 623 395 supra
652 340 758 382 mihi
790 346 886 383 erat
916 341 1210 397 vituperanda
1236 342 1395 383 iterum
1418 345 1550 399 atque
1572 341 1761 395 saepius,

178 405 272 443 tam
302 399 440 442 falsas
461 400 656 442 rationes
677 404 863 453 secutus,
898 404 948 443 ut
967 400 1072 443 mihi
1098 415 1213 443 nunc
1235 400 1329 456 ejus
1351 400 1496 456 opinio
1517 400 1764 443 omnimodo

180 460 235 502 sit
267 459 527 515 rejicienda,
566 460 847 515 quantumvis
881 465 1090 516 angustos
1122 460 1443 503 dissert-ationis
1473 460 1583 503 fines
1616 459 1764 515 egredi

181 534 356 575 arguar.
426 519 628 575 Namque
676 520 864 577 primm
900 521 1079 576 negavit
1125 521 1246 564 illam
1278 520 1440 577 Hygini
1475 520 1672 564 fabulam
1710 534 1763 563 ex

178 579 381 637 Aeschyli
414 579 653 634 tragoediis
676 594 772 624 esse
800 581 1090 638 desumptam.
1153 581 1347 623 Primum
1369 585 1565 623 extrema
1584 579 1762 623 fabulae

179 641 313 683 verba
356 644 427 683 >et
457 640 646 683 mittitur
677 640 888 683 Hercules
921 646 970 684 ut
1010 641 1205 697 aquilam
1240 641 1495 691 interficiat,
1536 654 1650 695 quae
1690 654 1765 683 cor

179 699 272 754 ejus
306 699 541 750 exedebat3
574 714 715 755 eaque
747 700 978 743 interfecta
998 700 1281 743 Prometheus
1301 705 1401 756 post
1422 700 1603 755 triginta
1626 713 1762 742 annos

179 760 234 802 de
266 764 412 802 monte
446 758 644 802 Caucaso
676 765 744 803 est
775 760 968 803 solutus«
1010 761 1215 802 Bursiani
1254 758 1375 816 (ann.
1408 759 1553 802 Fleck.
1587 759 1685 801 XII.
1718 776 1761 815 p.

178 816 286 876 777)
325 819 623 876 conjecturam
660 819 883 863 insecutus
924 820 1050 875 quasi
1086 820 1525 876 interpretamentum
1558 833 1584 861 a
1615 822 1763 862 cetera

176 878 329 922 fabula
351 880 611 934 segregavit.
674 880 761 923 Sed
784 885 961 936 propter
980 880 1425 923 verbaantecedentia
1452 880 1761 922 »Prometheus

175 938 274 981 Jovi
295 938 536 996 pollicetur,
570 953 616 982 se
640 952 739 982 eum
761 940 1146 996 praemoniturum,
1170 940 1207 983 si
1229 953 1275 983 se
1297 938 1478 983 vinculis
1499 938 1757 983 liberasset«

177 1004 222 1042 et
252 1004 432 1056 propter
474 1000 632 1043 »fidem
664 1000 842 1043 datam«
884 1006 984 1056 post
1013 1000 1231 1044 Themidis
1278 1001 1532 1044 vaticinium
1569 1015 1761 1056 pronun-

175 1060 336 1101 tiatum
369 1059 480 1102 adeo
513 1059 800 1109 desideratur,
831 1061 1183 1103 commemoratio
1217 1060 1391 1116 aquilae
1429 1059 1684 1102 interfectae
1718 1064 1762 1102 et

177 1119 429 1163 Promethei
451 1118 594 1172 soluti,
628 1124 678 1162 ut
699 1120 781 1163 viri
810 1119 925 1164 docti
956 1120 1339 1177 interpolationem
1367 1124 1612 1163 statuentes
1645 1121 1761 1163 omni

175 1180 347 1222 ratione
381 1180 593 1223 excidisse
624 1180 870 1223 videantur.
934 1181 1105 1223 Deinde
1138 1185 1186 1223 ut
1217 1181 1324 1222 nihil
1356 1181 1499 1223 dicam
1521 1180 1575 1223 de
1607 1180 1761 1223 vocula

180 1253 327 1291 »cor«,
379 1254 468 1295 qua
499 1239 719 1282 Kolischio
751 1240 871 1295 origo
904 1240 1145 1298 Aeschylea
1181 1241 1226 1283 in
1259 1239 1577 1283 dubitationem
1614 1240 1761 1283 vocari

175 1300 426 1352 videbatur,
469 1315 646 1356 prorsus
678 1301 825 1356 inepte
853 1301 1067 1357 judicavit
1089 1301 1142 1344 de
1164 1301 1385 1344 vocabulis
1421 1305 1547 1356 »post
1577 1301 1761 1355 triginta

176 1374 363 1403 annos«:
398 1361 590 1416 namque
622 1361 830 1415 quoniam
861 1361 984 1403 nulla
1017 1376 1224 1417 umquam
1245 1362 1491 1403 invenietur
1521 1375 1656 1412 causa
1684 1375 1761 1402 cur

175 1420 410 1475 quisquam
449 1420 642 1463 incidere
673 1421 867 1476 potuerit
897 1421 942 1463 in
980 1436 1207 1464 numerum
1245 1420 1368 1463 illum
1406 1420 1757 1472 determinatum,

175 1485 301 1523 extra
324 1495 508 1524 ommem
533 1481 849 1524 dubitationem
872 1485 939 1524 est
959 1482 1104 1537 posita
1122 1481 1376 1524 Weckleinii
1399 1481 1599 1537 suspicio,
1624 1481 1759 1536 scrip-

172 1545 266 1582 tum
304 1555 400 1583 esse
437 1542 482 1582 in
520 1541 643 1583 libris
695 1546 820 1597 »post
850 1541 972 1582 XXX
1012 1556 1125 1583 ann«
1177 1542 1271 1583 loco
1323 1545 1447 1597 »post
1490 1537 1600 1585 ῨΧ-ὶζ
1644 1555 1758 1583 ann«

172 1600 213 1642 h.
249 1614 286 1643 e.
325 1600 511 1656 triginta
556 1600 696 1644 millia
744 1615 976 1659 annorum:
1026 1601 1140 1645 hunc
1189 1605 1334 1645 autem
1382 1613 1611 1644 numerum
1659 1616 1761 1644 vere

173 1661 464 1717 Aeschyleum
509 1676 604 1705 esse
655 1661 781 1704 docet
828 1661 1036 1704 scholium
1080 1662 1137 1704 ad
1174 1679 1214 1705 v.
1257 1663 1313 1704 94
1360 1666 1536 1704 nostrae
1583 1661 1760 1704 fabulae

174 1721 459 1777 adscriptum.
535 1722 671 1765 Porro
719 1726 837 1765 recte
884 1723 1053 1765 monuit
1098 1723 1315 1778 interpres
1364 1720 1667 1777 argumentum
1709 1737 1761 1764 ex

171 1781 300 1837 hujus
325 1787 481 1837 poetae
513 1782 753 1838 tragoediis
776 1796 981 1825 manasse
1010 1782 1160 1835 videri,
1195 1782 1312 1838 quod
1334 1782 1617 1825 Prometheus
1648 1797 1761 1824 unus

171 1842 426 1884 vaticinium
458 1843 568 1885 scire
591 1843 828 1885 diceretur:
865 1842 977 1885 alter
1000 1847 1148 1885 autem
1180 1842 1381 1898 opposuit
1415 1856 1501 1884 non
1532 1842 1615 1884 dici
1648 1842 1761 1885 unde

173 1916 264 1944 rem
287 1902 472 1945 haberet
504 1903 734 1958 cognitam,
770 1906 902 1958 atque
924 1902 969 1944 in
993 1902 1134 1945 altera
1155 1902 1319 1959 Hygini
1340 1901 1492 1945 fabula
1515 1905 1618 1944 astr.
1642 1906 1758 1958 poet.

171 1962 228 2004 ΙΙ.
267 1963 320 2005 15
355 1977 455 2005 eum
485 1962 594 2005 illud
624 1977 651 2005 a
673 1962 821 2005 Parcis
853 1963 1105 2017 cognovisse
1139 1977 1233 2005 esse
1265 1962 1490 2004 traditum.
1547 1961 1633 2004 Sed
1656 1962 1761 2004 mihi

172 2021 349 2076 quidem
381 2022 451 2064 vix
485 2021 692 2065 credibile
731 2021 906 2065 videtur
944 2022 1062 2079 apud
1099 2022 1235 2064 ullum
1277 2022 1532 2078 scriptorem
1569 2025 1761 2065 veterem

171 2097 270 2124 eum
317 2097 526 2137 umquam
575 2083 793 2125 audivisse
833 2083 1086 2125 vaticinium
1126 2098 1153 2125 a
1184 2081 1347 2125 Parcis.
1411 2081 1611 2137 Namque
1645 2082 1761 2136 quod

169 2143 214 2184 in
246 2141 330 2184 hac
361 2142 524 2199 Hygini
556 2142 709 2186 fabula
740 2157 838 2185 cum
869 2142 1044 2199 Jupiter
1063 2142 1256 2186 Thetidis
1289 2142 1550 2185 connubium
1571 2142 1759 2198 pulchri-

169 2202 321 2245 tudine
355 2204 547 2258 corporis
579 2203 783 2246 inductus
815 2207 987 2260 peteret
1023 2203 1123 2245 »illo
1155 2208 1349 2258 tempore
1372 2201 1538 2245 Parcae
1561 2203 1761 2245 feruntur

170 2263 378 2305 cecinisse
409 2263 517 2314 fata,
552 2278 666 2318 quae
699 2263 849 2319 perfici
880 2268 1042 2306 natura
1062 2263 1200 2306 voluit
1221 2276 1384 2305 rerum:
1420 2262 1624 2305 dixerunt
1646 2263 1760 2305 enim

170 2323 417 2376 quicunque
456 2323 649 2365 Thetidis
696 2324 852 2365 fuisset
898 2324 1101 2373 maritus,
1152 2323 1245 2377 ejus
1292 2322 1430 2364 filium
1467 2326 1594 2378 patre
1627 2321 1759 2364 laude

168 2383 405 2439 majorem«
458 2383 514 2427 ab
551 2383 648 2440 ipso
687 2382 1007 2440 mythographo
1040 2383 1267 2426 scientiam
1298 2396 1445 2425 rerum
1478 2382 1759 2437 antiquarum

168 2447 418 2486 ostentante
468 2443 671 2490 additum
717 2443 903 2486 videtur.
967 2444 1064 2486 Huc
1103 2443 1271 2485 accedit
1311 2442 1427 2497 quod
1460 2456 1575 2496 quae
1608 2443 1758 2485 subse-

169 2507 364 2558 quuntur
415 2503 560 2559 »quod
597 2502 883 2547 Prometheus
930 2518 1017 2547 non
1054 2502 1293 2555 voluntate,
1328 2502 1405 2546 sed
1437 2502 1758 2546 necessitudine

167 2563 355 2619 vigilans
400 2564 600 2607 auditum
646 2564 745 2607 Jovi
781 2564 1027 2607 nuntiavit«
1068 2564 1166 2620 ipsa
1203 2568 1296 2606 tam
1328 2564 1515 2607 obscura
1546 2568 1660 2615 sunt,
1710 2567 1759 2607 ut

167 2639 222 2667 ne
261 2624 341 2667 hoc
379 2624 558 2679 quidem
594 2639 675 2681 pro
708 2630 826 2668 certo
866 2624 1087 2667 affirmare
1121 2623 1308 2666 audeam
1342 2623 1460 2680 apud
1490 2623 1633 2679 ipsum
1665 2623 1758 2679 Hy-

168 2685 317 2740 ginum
351 2684 570 2728 audivisse
603 2683 910 2728 Prometheum
931 2684 1051 2728 Jovis
1083 2683 1323 2741 periculum
1356 2698 1383 2727 a
1410 2682 1573 2727 Parcis.
1623 2682 1757 2727 Porro

166 2746 384 2801 interpres
416 2760 685 2801 quamquam
716 2746 799 2788 hac
831 2745 885 2789 de
918 2745 1069 2788 Parcis
1100 2745 1353 2788 narratione
1402 2749 1469 2788 est
1501 2745 1662 2787 abusus
1708 2750 1758 2788 ut

168 2809 476 2861 argumentum
504 2805 682 2849 fabulae
714 2805 831 2848 illius
854 2820 987 2861 quam
1008 2804 1301 2849 Weckleinius
1323 2804 1523 2847 laudavit
1544 2803 1756 2862 Aeschylo

168 2866 319 2910 deberi
351 2871 546 2923 negaret,
580 2871 729 2909 tamen
764 2866 853 2909 alia
884 2881 999 2922 quae
1033 2870 1134 2908 sunt
1159 2866 1205 2908 in
1228 2865 1384 2908 eadem
1404 2864 1557 2907 fabula
1579 2880 1630 2908 ex
1652 2879 1757 2921 poe-
