2003 3216
830 81 1124 133 —43-

184 227 224 254 v.
262 212 316 254 18
348 209 616 268 interpret.);
669 213 819 266 itaque
873 215 960 253 'non
1007 211 1269 254 offendimur
1315 211 1432 267 quod
1477 211 1769 255 Weckleinius

187 285 240 314 ex
272 269 416 315 Prom.
454 270 545 315 fab.
575 269 692 314 illius
740 271 912 327 generis
950 271 1168 327 congessit
1205 270 1407 328 exempla
1437 275 1548 324 octo,
1589 271 1769 315 alterius

186 330 497 386 duodeviginti.
561 328 641 373 His
672 335 821 374 tamen
854 345 907 373 ex
939 330 1148 388 exemplis
1179 345 1268 374 nou
1297 345 1441 387 pauca
1472 332 1670 375 nituntur
1691 346 1768 375 no-

185 390 373 434 minibus
418 390 607 447 propriis
652 394 702 433 ut
740 406 806 434 vv.
839 391 941 434 355.
976 392 1076 435 838.
1111 392 1220 442 849;
1258 395 1303 434 et
1334 405 1401 435 vv.
1429 391 1496 434 18.
1531 392 1633 436 373.
1667 392 1793 436 707..

186 452 294 502 733;
342 450 499 494 deinde
546 450 758 493 nonnulla
793 456 1084 496 manaverunt
1115 465 1168 494 ex
1201 465 1282 494 usu
1314 450 1552 494 eorundem
1582 452 1770 494 vocabu-

184 510 343 553 lorum:
377 510 542 553 habent
571 510 689 564 idem
720 511 990 564 vocabulum·
1017 509 1258 569 »διάδοχος-ι
1284 527 1350 554 vv.
1373 511 1476 554 466.
1503 511 1630 563 1026,
1652 510 1770 554 idem

189 568 420 626 »ποταμός-«ι
456 587 523 614 vv.
548 571 649 614 715.
684 572 784 614 718.
850 570 1054 614 Ceterum
1101 584 1274 628 semper
1316 570 1407 615 fere
1454 576 1656 615 servatur
1693 571 1771 614 illa

184 631 255 674 lex
287 630 532 688 Aeschylea
563 628 741 688 (Christ.
773 647 815 688 p.
839 632 926 675 323
959 632 1041 675 sub
1072 646 1182 675 cum.
1208 632 1252 684 1)
1275 645 1327 674 ex
1351 645 1439 687 qua
1459 632 1579 688 prior
1599 631 1771 688 syllaba

185 695 251 733 est
299 692 440 733 exitus
487 690 687 733 vocabuli
724 692 921 746 proximi,
969 695 1141 735 ceterae
1175 695 1276 734 sunt
1306 691 1506 734 vocabuli
1543 691 1772 747 cujusdam

184 755 274 794 tres
321 750 391 794 vel
437 750 583 808 plures
615 750 809 808 syllabas
847 751 1059 803 tenentis;
1102 751 1254 809 paucis
1301 755 1473 795 tantum
1509 750 1616 795 locis
1652 752 1773 808 prior

185 811 358 866 syllaba
390 816 457 853 est
488 810 644 853 vocula
676 811 1036 853 antecedentibus
1070 815 1189 853 arcte
1222 811 1396 853 adnexa
1428 811 1513 865 (vv.
1536 813 1638 861 355,
1668 812 1768 861 746,

186 871 294 921 9923
326 886 392 914 vv.
430 870 559 913 1006.
597 867 746 928 1026).
810 868 945 914 Porro
978 871 1125 927 quarti
1155 870 1290 914 iambi
1321 870 1548 914 solutionis
1575 870 1772 914 notanda

185 935 288 973 sunt
319 935 511 986 quatuor
542 930 760 985 exempla:
796 947 861 973 vv.
897 932 968 974 76.
1002 932 1103 973 276.
1138 931 1239 973 679.
1274 932 1374 973 807.
1438 930 1584 973 Etiam
1621 930 1688 972 his
1726 932 1772 972 in

183 990 383 1033 versibus
416 990 582 1032 servari
615 989 726 1033 solet
756 989 834 1032 illa
865 989 1133 1047 syllabarum
1171 989 1420 1033 distributio
1472 1003 1606 1047 quam
1643 988 1771 1033 modo

185 1050 379 1092 diximus
418 1049 729 1105 Aeschyleam;
777 1065 864 1093 uno
910 1051 956 1092 in
995 1066 1031 1093 v.
1066 1051 1154 1093 276
1188 1049 1360 1106 syllaba
1392 1049 1534 1093 altera
1565 1055 1609 1092 et
1639 1050 1773 1092 tertia

185 1109 381 1153 efficiunt
427 1110 796 1166 praepositionem
827 1124 925 1152 cum
957 1110 1241 1166 subsequenti
1277 1108 1490 1153 vocabulo
1524 1114 1642 1153 arcte
1671 1110 1771 1167 jun-

188 1171 399 1226 gendam;
447 1185 580 1227 quam
621 1170 892 1227 syllabarum
924 1169 1277 1229 distributionem
1308 1170 1522 1227 Aeschylo
1554 1185 1642 1214 non
1672 1185 1772 1214 raro

184 1232 400 1288 placuisse
432 1232 649 1287 interpres
683 1231 911 1274 adnotavit
940 1230 1064 1273 illum
1097 1230 1154 1273 ad
1186 1245 1372 1274 versum.
1426 1230 1592 1275 Deinde
1625 1235 1692 1274 est
1723 1232 1769 1273 in

184 1308 224 1334 v.
260 1292 347 1335 809
378 1290 495 1334 idem
531 1289 761 1346 »ποταμός-(<
799 1291 1058 1335 vocabulum
1090 1291 1206 1347 quod
1235 1305 1369 1347 supra
1390 1292 1565 1347 saepius
1587 1305 1772 1334 comme-

184 1352 352 1394 moravi
383 1351 467 1393 hac
497 1351 542 1392 in
576 1350 871 1407 disputatione
903 1351 1097 1394 metrica.
1160 1350 1262 1393 Jam
1293 1354 1434 1394 restat
1463 1365 1541 1408 pes
1579 1351 1770 1408 quintus,

185 1426 316 1467 quem
364 1411 554 1454 solutum
600 1411 794 1454 ostendit
841 1426 952 1454 unus
999 1427 1037 1454 v.
1073 1412 1129 1453 52
1178 1412 1253 1466 qui
1293 1412 1383 1453 exit
1419 1412 1465 1453 in
1513 1411 1771 1454 vocabulum

186 1475 376 1527 quatuor
423 1475 577 1513 tenens
625 1470 841 1527 syllabas;
889 1475 1022 1527 atque
1061 1484 1328 1527 quamquam
1365 1475 1584 1528 repugnat
1615 1469 1772 1514 solutio

183 1545 363 1574 normae
396 1531 596 1574 omnibus
628 1531 768 1587 poetis
806 1535 1042 1574 consuetae
1092 1545 1144 1573 ex
1177 1546 1267 1587 qua
1299 1531 1476 1586 genuini
1508 1534 1641 1587 atque
1674 1531 1773 1587 puri

184 1592 432 1635 retinentur
477 1605 682 1635 versuum
730 1592 886 1643 exitus,
934 1595 1084 1634 tamen
1115 1595 1295 1648 propter
1325 1605 1460 1634 unum
1490 1605 1664 1635 versum
1696 1605 1775 1634 suo

179 1653 278 1708 jure
310 1651 605 1695 Weckleinius
636 1653 775 1696 vetuit
804 1651 1001 1695 fabulam
1024 1652 1213 1695 adscribi
1234 1652 1501 1709 temporibus
1523 1652 1774 1695 recentiori-

185 1714 279 1764 bus,
313 1713 574 1768 praesertim
602 1727 701 1754 cum
723 1716 871 1755 essent
902 1712 1036 1755 etiam
1067 1713 1112 1754 in
1134 1710 1254 1754 Pers.
1280 1711 1441 1755 'fabula
1467 1712 1556 1755 tria
1577 1711 1775 1768 ejusdem

184 1773 249 1815 rei
282 1772 484 1828 exempla
515 1772 600 1829 (vv.
634 1773 737 1815 446.
772 1772 874 1815 490.
908 1769 1031 1829 499).

306 1832 514 1889 Sequitur
560 1835 610 1875 ut
656 1844 800 1888 pauca
839 1830 1055 1874 addamus
1087 1830 1308 1875 nonnullis
1341 1830 1395 1875 de
1429 1832 1683 1889 anapaestis
1717 1859 1771 1864 -—

185 1892 239 1934 de
271 1892 440 1948 parodo
474 1893 590 1934 enim
622 1896 666 1935 et
697 1891 837 1934 exodo
868 1891 986 1935 infra
1015 1905 1195 1946 agemus
1228 1919 1283 1924 —
1318 1895 1363 1934 et
1384 1891 1438 1934 de
1459 1891 1581 1935 Jovis
1604 1892 1775 1935 cantico

184 1952 381 1995 versibus
428 1951 693 1995 dochmiacis
740 1952 992 2008 composito.
1069 1951 1184 1995 Nam
1230 1950 1528 2008 Westphalius
1574 1966 1673 1995 cum
1720 1951 1774 1995 de

184 2013 377 2054 numeris
417 2013 710 2067 anapaesticis
751 2016 903 2066 ageret
941 2010 1043 2068 (vol.
1077 2011 1133 2053 II.
1174 2027 1247 2067 pp.
1280 2012 1369 2054 409
1400 2010 1531 2068 sqq.),
1565 2011 1777 2054 nonnulla

183 2073 229 2114 in
277 2071 421 2116 Prom.
459 2071 636 2116 fabulae
686 2072 939 2129 anapaestis
990 2086 1017 2115 a
1055 2072 1229 2115 ratione
1265 2071 1421 2115 ceteris
1459 2072 1505 2115 in
1536 2070 1775 2128 tragoediis

183 2133 401 2189 Aeschylo
424 2132 601 2175 diversa
623 2147 719 2175 esse
742 2133 911 2184 statuit,
946 2147 1214 2188 quamquam
1236 2133 1330 2187 ipse
1353 2146 1440 2174 non
1463 2137 1615 2188 aperte
1637 2132 1776 2174 edixit

186 2207 259 2236 eos
294 2207 321 2235 a
352 2196 484 2250 poeta
516 2207 620 2236 esse
645 2191 976 2249 abjudicandOS.
1025 2190 1219 2235 Primum
1246 2192 1381 2247 igitur
1401 2191 1519 2235 chori
1544 2192 1777 2249 anapaesti

185 2254 260 2309 qui
311 2258 413 2297 sunt
458 2254 504 2296 in
551 2269 617 2296 vv.
653 2254 889 2296 280-287
943 2267 1042 2295 cum
1088 2253 1294 2309 proximis
1343 2256 1463 2296 arcte
1516 2252 1772 2296 cohaerent:

186 2315 311 2356 aiunt
358 2314 473 2356 enim
517 2313 708 2368 virgines
751 2327 778 2355 a
815 2311 1075 2356 Prometheo
1115 2327 1302 2355 currum.
1332 2312 1499 2356 alatum
1530 2312 1777 2370 relinquere

179 2374 332 2429 jussae
380 2388 475 2416 sese
524 2373 791 2417 descendere
831 2377 880 2417 ut
919 2372 1104 2416 audiant
1134 2387 1284 2415 omnes
1316 2373 1409 2428 ejus
1441 2387 1512 2416 res
1546 2373 1778 2423 adversas;

184 2433 265 2477 hoc
312 2433 504 2490 pertinet
551 2433 644 2477 sine
692 2432 823 2477 dubio
857 2432 914 2475 ad
946 2449 985 2477 v.
1019 2434 1106 2477 276
1144 2431 1359 2476 vocabula
1404 2432 1491 2479 »ὡς
1513 2430 1680 2490 μάθητε
1711 2431 1777 2474 διὰ

186 2492 329 2538 τέλους
360 2493 405 2534 τὸ
439 2496 560 2540 ndu«.
624 2493 960 2549 Subsequuntur
1000 2491 1163 2535 Oceani
1196 2493 1442 2548 anapaesti,
1492 2493 1568 2549 qui
1598 2497 1778 2549 propter

184 2553 362 2596 fabulae
396 2557 703 2608 argumentum
735 2567 822 2595 non
853 2553 997 2595 minus
1030 2566 1165 2610 quam
1196 2551 1260 2594 illi
1293 2551 1498 2596 videntur
1518 2553 1774 2595 necessarii:

185 2614 348 2657 etenim
386 2628 439 2656 ex
486 2629 525 2656 v.
560 2615 647 2657 300
680 2613 969 2669 comperimus
1017 2612 1221 2670 quisnam
1260 2613 1304 2655 in
1338 2627 1515 2656 scenam
1544 2612 1778 2669 prodierit;

186 2673 367 2716 additur
414 2678 563 2716 autem
596 2674 821 2729 aptissime
868 2687 1083 2729 personae
1122 2687 1292 2724 nomen,
1336 2677 1468 2729 atque
1508 2673 1778 2716 admiramur

184 2739 343 2790 poetae
377 2734 610 2779 artificium
642 2734 799 2776 mirum
830 2733 875 2776 in
907 2732 1084 2777 modum
1116 2733 1286 2777 distans
1319 2748 1346 2776 a
1376 2734 1666 2789 posteriorum
1699 2734 1777 2777 ab·

184 2795 422 2838 surditate:
487 2809 677 2851 namque
726 2793 927 2837 Oceanus
976 2793 1087 2837 adeo
1137 2808 1232 2837 sese
1274 2794 1412 2837 amico
1458 2793 1778 2850 opitulaturum

185 2869 280 2899 esse
312 2854 544 2912 pollicetur
574 2860 623 2898 ut
654 2869 825 2898 summa
856 2869 954 2898 cum
987 2855 1204 2910 gravitate
1228 2858 1361 2912 atque
1384 2854 1651 2899 confidentia
1673 2855 1775 2899 sub-
