2003 3216
875 126 1140 170 -5-

216 261 329 321 petit
360 276 388 304 a
418 259 502 304 diis
540 262 590 302 ut
621 259 876 303 servitutem
907 273 935 302 a
963 258 1108 316 patria
1143 257 1421 316 prohibeant3
1459 257 1618 301 deinde
1649 257 1694 299 in
1708 271 1795 299 «or-

218 322 432 376 chestram
453 318 697 377 procedunt
716 319 906 375 virgines
927 316 1220 376 periculorum
1241 332 1354 375 quae
1374 319 1605 362 imminent
1627 332 1795 359 summo

216 383 372 425 timore
393 383 547 437 captae
568 382 702 436 atque
724 378 979 434 confugiunt
999 377 1057 427 ad
1078 378 1259 423 deorum
1281 377 1523 432 simulacra,
1557 391 1671 436 quae
1692 380 1796 419 sunt

216 445 318 485 ante
350 440 526 484 domum
556 439 739 495 regiam:
787 453 816 482 a
846 439 1027 495 singulis
1060 439 1142 483 diis
1173 439 1369 494 singulae
1399 442 1556 495 petunt
1586 437 1796 481 auxilium

214 499 404 545 luctibus
434 499 712 556 lacrimisque
743 498 1036 555 indulgentes.
1093 496 1186 543 'Sed
1216 512 1314 552 rex,
1354 499 1430 556 qui
1460 502 1560 556 post
1594 514 1634 541 v.
1659 498 1714 540 77
1748 497 1795 539 in

215 575 346 605 scena
373 560 635 605 remansisse
665 559 857 613 videtur,
892 587 947 593 —-
981 560 1143 604 etenim
1189 573 1332 617 neque
1363 558 1421 603 ad
1460 562 1611 616 portas
1643 557 1792 602 deces-

217 622 326 664 sisse
356 624 505 677 potest
525 621 691 675 cogitar
710 621 907 677 ipropetr
935 620 1151 688 virginum
1181 620 1517 663 lamentationes
1548 633 1659 676 quas
1697 618 1793 675 ipse

215 696 310 726 sese
342 679 560 725 audivisse
591 679 674 734 ait,
707 694 849 750 neque
870 694 1058 749 usquam
1077 680 1123 724 111
1145 680 1321 724 (1611111111
1341 680 1507 737 regiam
1527 679 1663 724 abiise
1686 678 1792 721 dici-

214 746 287 784 tur
318 768 373 773 -—
406 741 595 797 primum
627 741 879 808 gravissime
909 742 956 783 in
988 744 1062 784 eas
1082 741 1303 784 invehitur
1330 755 1492 797 easque
1513 744 1636 783 vetat
1655 739 1792 795 trepi-

215 800 390 844 datione
422 803 554 857 atque
587 798 754 857 ejulatu
786 800 939 844 civium
973 801 1140 844 animos
1170 800 1392 856 frangere3
1423 803 1653 844 nectamen
1675 812 1791 841 com-

214 864 354 902 motas
394 861 546 902 sedare
582 864 729 916 potest
766 861 850 902 nisi
886 861 1029 903 verbis
1072 861 1244 904 lenibus
1283 875 1402 902 usus.
1465 860 1584 902 Petit
1619 859 1735 902 enim
1765 872 1794 900 a

214 920 452 975 virginibus
490 923 541 963 ut
571 934 748 968 securae
787 919 969 963 audiant
1012 920 1118 977 quid
1155 920 1250 977 ipse
1296 919 1379 963 diis
1419 919 1477 963 sit
1521 922 1703 963 voturus
1748 921 1794 962 et

214 980 372 1023 deinde
423 983 527 1023 vota
579 980 729 1023 audita
791 983 1044 1037 repetentes
1101 980 1294 1023 faustum
1353 980 1585 1023 clamorem
1635 978 1793 1022 tollant

212 1038 298 1097 (vv.
332 1040 418 1084 250
436 1054 544 1098 sqq.‚
577 1056 618 1085 v.
651 1037 772 1099 260).
841 1040 941 1098 Ipse
972 1044 1120 1085 autem
1150 1044 1383 1098 postquam
1412 1039 1530 1084 vovit
1561 1039 1655 1092 diis,
1696 1052 1792 1082 sese

209 1102 300 1157 jam
337 1105 505 1157 septem
551 1102 682 1144 duces
721 1101 959 1144 electurum
997 1116 1093 1145 esse
1137 1101 1201 1144 ait
1237 1101 1312 1157 qui
1347 1104 1498 1157 portas
1539 1099 1790 1143 defendant.

211 1160 331 1204 Haec
368 1164 515 1204 autem
553 1162 688 1205 verba
727 1162 788 1204 sic
834 1175 912 1204 rex
960 1162 1152 1205 instituit
1200 1165 1252 1204 ut
1294 1175 1381 1204 non
1424 1161 1651 1204 immemor
1696 1173 1791 1203 esse

211 1220 412 1263 videatur
443 1222 585 1263 nuntii
616 1222 837 1296 orationis,
872 1222 947 1277 qui
977 1222 1085 1265 talia
1113 1222 1282 1265 monuit
1311 1222 1357 1264 111
1388 1237 1455 1264 vv.
1488 1221 1686 1264 57—58:

500 1279 602 1338 πρὸς
629 1281 738 1324 ταῦτ’
768 1280 958 1339 ἀρίστους
985 1280 1142 1340 ἄνδρας
1168 1280 1368 1339 ἐκκρίτους
1396 1280 1553 1329 πόλεως

496 1341 630 1383 πυλῶν
662 1341 725 1383 ἐπ’
756 1341 926 1388 ἐξόδοισι
957 1343 1145 1397 τάγευσαι
1175 1342 1306 1400 τάχος.

209 1399 320 1443 Nam
323 1414 408 1458 que
438 1400 579 1444 utitur
607 1400 681 1444 ille
710 1400 779 1444 his
809 1401 951 1445 verbis
982 1399 1068 1460 (vv.
1102 1401 1188 1445 265
1222 1398 1358 1459 sqq.).

495 1461 576 1514 ἐγω
608 1461 709 1502 δ’ἐκ)
742 1460 899 1517 ἄνδρας
926 1461 976 1508 ἓξ
1001 1462 1089 1518 ἐμοὶ
1119 1460 1192 1503 σὺν
1223 1460 1389 1517 ἑβδόμῳ

497 1519 720 1595 ἀντηρέτας
746 1518 930 1581 ἐχθροῖσι
960 1520 1028 1564 τὸν
1053 1520 1183 1579 μέγαν
1214 1519 1362 1578 τρόπον

496 1581 554 1630 εἷς
581 1581 826 1640 ἑπτατειχεῖς
853 1581 1022 1632 ἐξόδους
1049 1580 1157 1629 τάξω
1182 1581 1332 1639 μολών.

208 1638 353 1683 Ε116111
386 1645 723 1685 commemoratu
755 1641 888 1698 digna
917 1642 1123 1686 videntur
1162 1655 1274 1700 quae
1307 1639 1651 1697 subsequuntur·

494 1702 584 1759 ποὶν
615 1701 806 1758 ἀγγέλους
832 1702 1058 1777 σπερχνούς
1085 1718 1128 1745 τε
1158 1718 1223 1745 και
1253 1700 1541 1776 ταχυρρόθους

492 1761 635 1819 λόγους
662 1761 817 1806 ἱκέσθαι
846 1764 911 1806 καὶ
941 1762 1099 1823 φλέγειν
1122 1762 1273 1824 χρείας
1300 1777 1389 1804 υπο.

242 1850 245 1853 ·
324 1821 498 1865 Etenim
529 1838 626 1866 cum
656 1825 835 1867 nuntius
858 1828 989 1868 antea
1009 1824 1319 1880 significaverit
1348 1823 1468 1866 urbis
1491 1822 1789 1867 defensionem

205 1896 337 1937 quam
367 1882 591 1927 celerrime
623 1884 717 1939 regi
753 1898 848 1928 6556
882 1885 1200 1941 suscipiendam
1248 1882 1368 1951 (nam
1414 1883 1476 1926 sic
1507 1886 1634 1925 sonat
1664 1898 1704 1925 v.
1727 1883 1785 1925 65
1841 1896 1843 1898 ’

205 1941 271 1982 καὶ
295 1940 423 1984 τῶνδε
444 1942 585 2001 καιοὸν
607 1942 717 1989 ὅστις·
742 1942 914 1990 ὤκιστος
946 1942 1077 2004 λαβέ),
1108 1944 1189 1997 1116,
1223 1943 1430 2001 quoniam
1460 1947 1553 1987 tam
1580 1956 1787 1998 magnum

204 2003 412 2058 temporis
444 2004 635 2059 spatium
674 2008 742 2047 est
771 2006 1078 2062 interpositum
1113 2006 1229 2047 inter
1258 2005 1403 2046 nuntii
1434 2004 1787 2047 adhortationem

205 2065 250 2105 et
279 2062 392 2107 hanc
423 2063 604 2108 alterius
636 2065 889 2119 orationem,
923 2077 1038 2109 nunc
1070 2064 1246 2109 demum
1276 2067 1505 2122 portarum
1537 2062 1788 2107 defensores

204 2122 420 2166 electurus
467 2125 691 2181 aptissime
737 2126 888 2182 adjicit
935 2127 1019 2169 sibi
1057 2140 1188 2183 quam
1217 2123 1448 2183 {celerrime
1484 2139 1642 2168 munus
1678 2124 1789 2167 illud

203 2197 299 2227 esse
331 2183 619 2229 subeundum.
680 2184 742 2229 Ut
772 2186 907 2242 igitur
939 2201 993 2231 ex
1022 2187 1076 2229 iis
1108 2199 1222 2244 quae
1253 2184 1392 2229 fusius
1422 2185 1603 2243 exposui
1633 2184 1679 2228 id
1709 2199 1787 2242 po-

202 2244 413 2288 tissimum
464 2246 658 2291 breviter
716 2246 915 2304 colligam
967 2247 1085 2305 quod
1134 2247 1328 2305 pertinet
1378 2246 1436 2290 ad
1487 2247 1789 2305 quaestionem

207 2308 474 2362 sequentem,
508 2320 586 2349 rex
615 2310 717 2364 post
746 2307 823 2351 illa
852 2309 986 2352 verba
1022 2309 1068 2351 in
1106 2312 1252 2351 castra
1288 2307 1498 2351 festinare
1530 2306 1787 2363 cogitandus

204 2369 273 2408 est
303 2369 353 2409 ut
389 2380 479 2409 una
515 2381 661 2410 secum
699 2382 776 2411 sex
813 2369 944 2412 duces
981 2368 1162 2424 singulis
1206 2368 1346 2426 portis
1391 2367 1631 2425 praeficiat.
1693 2366 1789 2410 Hoc

203 2426 457 2483 exsequitur
488 2441 538 2470 eo
577 2428 786 2484 temporis
824 2429 985 2485 spatio,
1035 2429 1138 2472 dum
1175 2431 1378 2472 cantatur
1415 2428 1632 2471 canticum
1668 2427 1788 2491 quod

204 2489 270 2529 est
297 2485 401 2529 -inde
433 2500 461 2529 a
490 2502 530 2531 v.
554 2487 641 2531 270
672 2502 809 2544 usque
842 2488 899 2531 ad
928 2504 969 2532 v.
992 2489 1096 2534 351.
1157 2488 1263 2532 Post
1291 2488 1407 2531 hunc
1437 2492 1586 2532 autem
1615 2501 1788 2530 versum

203 2548 248 2588 et
278 2547 455 2589 nuntius
486 2550 532 2590 et
552 2562 630 2591 rex
660 2548 850 2592 redeunt
879 2549 925 2591 in
946 2563 1118 2592 scenam
1149 2549 1235 2606 (vv.
1260 2546 1532 2607 352-357).
1563 2547 1664 2592 Jam
1683 2546 1787 2590 sub-

200 2606 398 2662 sequitur
429 2621 558 2651 scena
587 2607 664 2651 illa
693 2609 918 2666 praeclara
948 2623 1037 2665 qua
1068 2612 1113 2653 et
1133 2609 1391 2665 Argivorum
1420 2612 1465 2653 61
1484 2608 1787 2653 Thebanorum

201 2665 332 2711 duces
378 2669 696 2713 accuratissime
744 2669 1054 2728 depinguntur.
1116 2669 1291 2714 Etenim
1329 2667 1594 2727 exploravit}
1609 2669 1787 2713 nuntius

201 2740 434 2781 quamnam
467 2729 648 2785 quisque
678 2729 866 2773 hostium
885 2734 1059 2800 portam
1080 2734 1193 2774 esset
1211 2731 1390 2774 sortitus
1418 2730 1503 2788 (vv.
1527 2700 1786 2789 358—359)

201 2790 246 2829 et
284 2789 462 2856 exponit
499 2804 593 2833 rem
631 2790 902 2848 exploratam
932 2792 993 2835 sic
1021 2792 1067 2835 in
1097 2792 1458 2848 subsequentibus
1488 2794 1539 2835 ut
1571 2789 1788 2835 describat

199 2848 440 2891 accuratius
470 2850 661 2907 singulos
691 2854 859 2909 septem
878 2855 1108 2909 portarum
1126 2852 1269 2896 (111665.
1323 2852 1418 2896 Rex
1439 2855 1587 2896 autem
1607 2850 1786 2906 singulis

166 2932 169 2933 ν
198 2908 341 2953 nuntii
383 2911 705 2957 narrationibus
751 2912 911 2957 auditis
949 2911 1184 2971 respondet
1215 2913 1413 2970 quisnam
1445 2927 1499 2958 ex
1529 2911 1699 2969 Argivis
1729 2911 1786 2955 sit
