2003 3216
801 93 1099 138 ...30-

156 238 314 269 scenae
373 228 594 269 extremae
653 228 875 269 auctorem
927 228 1048 269 certo
1112 225 1291 269 consilio
1349 224 1527 269 ductum
1585 223 1741 268 fecisse

156 285 422 340 Antigonam
452 284 725 341 Polynicem,
775 286 994 328 Ismenam
1026 285 1250 328 Eteoclem
1287 285 1531 340 lugentem,
1575 284 1742 327 scilicet

156 348 207 387 111
236 348 387 400 posset
423 343 611 399 perspici
643 358 720 387 cur
764 348 919 399 postea
948 344 1027 387 illa
1056 343 1330 402 Polynicem,
1378 343 1489 388 haec
1519 343 1741 387 Eteoclem

157 408 275 448 esset
305 404 544 459 sepultura.
606 403 746 447 Immo
778 405 978 460 quisquis
1008 405 1253 448 accuratius
1282 404 1427 448 luctus
1449 404 1591 448 mutui
1611 417 1742 458 argu-

156 467 352 506 mentum
382 463 725 506 consideraverit
754 463 974 519 intelliget
1003 467 1178 519 poetam
1206 478 1304 508 cum
1334 464 1519 507 alteram
1547 475 1741 507 sororem

157 523 460 580 deplorantem
489 522 655 567 faceret
685 523 874 567 alterum
904 523 1104 576 fratrem,
1152 524 1323 568 nullum
1361 523 1482 568 aliud
1515 523 1743 568 consilium-

158 598 253 626 esse
300 587 497 626 secutum
528 583 616 626 nisi
661 584 896 642 artificium
943 584 1164 640 quoddam
1211 585 1519 636 dramaticum,
1542 587 1545 589 ’
1569 598 1622 626 ex
1655 597 1742 639 quo

155 643 237 687 1100
269 642 446 699 quidem
479 643 574 687 loco
604 643 832 700 praeclare
860 644 1068 700 lugentur
1098 645 1257 701 singuli
1287 644 1448 688 fratres
1475 658 1503 687 a
1522 643 1742 688 sororibus

155 704 351 758 singulis.
414 702 568 759 Neque
601 704 717 747 enim
763 703 901 747 ullum
940 705 1173 760 vestigium
1219 704 1442 748 invenitur
1487 719 1565 747 cur
1600 704 1742 746 altera

156 777 280 807 soror
310 763 440 807 alteri
469 762 598 806 fratri
626 763 775 808 favere
807 763 950 816 1113111;
996 778 1084 808 11011
1116 764 1245 809 1110ἅο
1275 765 1322 807 111
1353 764 1560 808 extremis
1591 764 1741 807 unius-

156 825 369 879 cujusque
401 824 624 866 commatii
646 824 758 866 solet
784 824 881 868 fieri
906 829 959 867 ut
988 839 1159 867 sorores
1188 826 1342 868 ambae
1373 824 1553 880 lugeant
1577 824 1741 877 ‚fratres

156 883 327 936 ambos,
382 882 461 927 sed
509 883 641 927 etiam
687 883 833 928 media
878 884 924 927 in
971 884 1110 941 epodo
1162 885 1395 941 profitetur
1439 883 1614 929 Ismena
1658 883 1742 927 sibi

156 944 388 1000 utriusque
440 943 591 987 fratris
643 958 794 987 necem
845 959 1036 988 summos
1088 945 1245 989 afferre
1298 945 1485 988 dolores.
1568 944 1742 987 Etenim

157 1008 391 1060 postquam
411 1017 438 1046 a
454 1004 675 1047 sororibus
691 1005 874 1060 singulis
894 1003 972 1045 »ἰὼ
990 1003 1180 1054 πόνος,ἷὼ
1197 1003 1328 1046 rard«
1345 1005 1399 1049 de
1415 1004 1624 1048 fratribus
1641 1008 1744 1047 sunt

155 1065 452 1120 pronuntiata,
486 1079 570 1107 non
594 1065 739 1107 minus
772 1064 826 1108 de
849 1065 1003 1108 iisdem
1027 1064 1234 1109 dicuntur
1255 1079 1368 1122 quae
1394 1069 1497 1108 sunt
1518 1065 1737 1121 proxima·

736 1124 894 1182 δώμασι
923 1126 989 1167 καὶ
1012 1123 1138 1184 χθονὶ

734 1200 801 1227 και
830 1184 876 1228 τὸ
908 1200 938 1227 π
964 1184 1052 1226 όσω
1082 1184 1217 1243 ᾔέμοί.

157 1211 325 1298 Quibus
365 1259 418 1288 ex
450 1245 594 1288 verbis
639 1244 713 1288 ille
751 1201 992 1289 versicuffls
1029 1250 1097 1289 est
1127 1247 1391 1301 Antigonae,
1438 1245 1508 1289 hic
1545 1245 1739 1289 alterius.

156 1306 324 1348 Deinde
370 1305 448 1347 illa
493 1305 549 1347 ad
592 1304 702 1361 Poly
705 1306 844 1348 nicem
891 1319 1100 1349 conversa
1145 1307 1267 1349 dicit:
1327 1305 1403 1346 »ἷω
1441 1305 1491 1346 ἰὼ
1531 1304 1741 1346 ‹maz-timu

157 1362 307 1414 ἄναξ»,
353 1364 461 1408 haec
507 1365 563 1409 ad
601 1364 843 1409 Eteoelem:
895 1363 971 1407 »lm
1020 1365 1182 1407 πάντων
1223 1365 1605 1416 πολυστονώτατε«;
1648 1366 1740 1422 jam

155 1426 310 1468 ambae
343 1426 487 1469 dicere
519 1429 729 1482 pergunt:
765 1424 845 1467 »ἰὼ
876 1424 1150 1481 δαιμονῶντες·
1177 1424 1222 1467 ἐν
1253 1423 1377 1483 ἄτᾳα,
1410 1440 1495 1481 quo
1526 1425 1740 1469 versiculo

155 1489 206 1527 ut
236 1486 282 1528 in
313 1485 542 1540 tragoedia
572 1488 769 1528 extrema
799 1486 1023 1542 aptissime
1056 1487 1258 1529 dicuntur
1286 1485 1465 1537 fratres,
1498 1487 1583 1542 ipsi
1614 1484 1742 1541 culpa

154 1545 295 1597 vacui,
343 1545 399 1587 ad
431 1545 608 1587 caedem
639 1548 836 1588 mutuam
868 1545 994 1600 quasi
1041 1545 1248 1588 destinati
1278 1544 1428 1589 fuisse.
1506 1545 1606 1588 Jam
1637 1545 1739 1587 sub-

156 1608 401 1661 sequuntur
420 1608 512 1648 tres
532 1604 734 1648 versiculi
766 1605 924 1661 quibus
947 1605 1149 1661 equidem
1169 1620 1238 1649 me
1266 1606 1404 1662 magis
1432 1619 1564 1661 quam
1585 1605 1742 1648 ceteris

155 1666 299 1708 causis
329 1664 568 1708 adductum
599 1679 696 1708 esse
728 1666 938 1709 confiteor
965 1670 1017 1709 ut
1048 1680 1245 1709 sororum
1265 1670 1479 1709 mutuum.
1493 1666 1658 1709 luctum
1682 1666 1741 1708 ab

154 1726 250 1783 ipso
270 1725 486 1783 Aeschylo
508 1724 751 1782 profectum
773 1740 868 1771 esse
900 1741 1138 1771 censerem.
1199 1725 1397 1783 Namque
1410 1722 1503 1771 'ubi
1523 1726 1743 1782 Antigona

154 1788 443 1842 interrogavit
463 1787 539 1830 ubi
558 1786 718 1830 fratres
741 1791 889 1830 essent
907 1787 1181 1840 humaturae,
1205 1801 1327 1830 soror
1347 1791 1495 1831 autem
1516 1786 1743 1844 respondit

156 1861 253 1890 sese
293 1846 478 1890 suadere
512 1861 564 1889 eo
596 1847 691 1890 loco
745 1861 831 1903 quo
871 1851 989 1891 esset
1030 1848 1405 1901 honestissimum,
1454 1848 1609 1891 ambae
1640 1861 1742 1904 pro-

155 1908 339 1950 fitentur
369 1921 465 1950 sese
498 1922 571 1950 eos
603 1921 739 1964 prope
770 1911 942 1964 patrem
975 1923 1069 1951 esse
1102 1908 1368 1964 sepulturas..
1433 1908 1515 1950 His
1545 1908 1742 1951 versibus

155 1966 411 2023 tragoediae
444 1966 577 2009 datur
607 1967 752 2010 exitus
790 1967 1089 2023 dignissimus:
1145 1981 1333 2023 namque
1379 1971 1563 2025 propter
1606 1967 1742 2010 totius

156 2041 313 2071 scenae
359 2026 553 2070 indolem
599 2031 732 2084 poeta
777 2028 1030 2083 tragoediae
1077 2028 1210 2071 finem
1253 2027 1383 2071 aliter
1427 2027 1616 2071 formare
1655 2042 1742 2070 non

155 2088 299 2145 potuit
331 2101 463 2142 quam
490 2090 541 2129 ut
572 2101 743 2130 sorores
774 2087 934 2131 fratres
966 2088 1214 2145 sepulturas
1244 2091 1533 2143 sequerentur
1552 2088 1742 2143 virgines

155 2148 419 2205 anapaestos
466 2147 724 2199 recitantes3
770 2147 848 2190 illa
886 2152 1034 2192 autem
1072 2162 1269 2191 sororum
1315 2148 1448 2192 verba
1494 2148 1743 2204 anapaestis

157 2207 372 2265 ejusmodi
413 2208 638 2265 aptissime
676 2209 874 2265 potuisse
908 2208 1051 2265 excipi
1082 2223 1210 2252 nemo
1240 2208 1420 2263 negabit
1463 2209 1537 2263 qui
1569 2207 1746 2263 quidem

157 2282 264 2311 sano
299 2267 465 2324 judicio
503 2271 666 2311 utatur.
744 2268 864 2320 Quae
897 2283 995 2312 cum
1026 2270 1090 2312 ita
1121 2270 1229 2320 sint,
1279 2268 1482 2324 equidem
1529 2267 1744 2312 contendo

154 2344 221 2372 vv.
257 2328 496 2372 934—989
527 2328 583 2371 ab
613 2329 709 2385 ipso
740 2328 954 2385 Aeschylo
987 2343 1082 2372 esse
1115 2329 1388 2385 compositos.

218 2432 220 2435 .
278 2388 367 2431 Sed
423 2402 536 2444 quae
583 2388 715 2431 attuli
761 2393 811 2432 ut
863 2403 1038 2433 scenam
1083 2390 1423 2444 subsequentem
1460 2387 1744 2445 Aeschyleam

155 2463 251 2492 esse
298 2462 526 2504 negarem,
591 2448 698 2492 mihi
745 2449 922 2505 quidem
970 2454 1060 2493 tam
1108 2450 1258 2506 gravia
1304 2463 1401 2494 esse
1448 2448 1653 2493 videntur
1695 2452 1746 2492 ut

153 2509 373 2552 neminem
399 2510 492 2565 jam
539 2509 723 2552 alteram
753 2511 799 2552 in
837 2514 1007 2567 partem
1054 2510 1381 2567 disputaturum
1413 2522 1508 2553 esse
1557 2523 1745 2566 sperem.

154 2569 392 2624 Egreditur
431 2582 563 2613 scena
607 2568 782 2613 fabulae
830 2570 1080 2622 consilium;
1127 2584 1239 2626 quae
1279 2569 1504 2613 adduntur
1550 2570 1611 2614 310
1642 2572 1746 2613 311111

155 2633 408 2685 comparata
438 2633 490 2671 ut
518 2633 563 2671 et
584 2629 835 2685 relinquant
861 2631 907 2672 in
934 2645 1145 2686 suspenso
1174 2633 1443 2687 spectatores
1466 2629 1521 2672 de
1537 2629 1744 2687 Polynice

154 2689 409 2745 sepeliendo
432 2692 566 2744 atque
589 2689 643 2732 de
666 2689 910 2745 Antigonae
943 2690 1099 2742 salute,
1134 2693 1179 2733 et
1198 2691 1244 2732 in
1265 2690 1319 2732 iis
1342 2703 1455 2745 quae
1479 2689 1747 2733 antecedunt

153 2764 241 2791 non
263 2749 392 2792 modo
414 2764 501 2791 non
534 2750 622 2792 sint
642 2754 917 2807 praeparata,
950 2750 1028 2793 sed
1059 2751 1112 2792 iis
1134 2764 1189 2793 ne
1211 2749 1538 2793 accommodata
1569 2749 1747 2805 quidem

153 2809 408 2860 videantur3
440 2809 600 2852 deinde
622 2809 833 2853 adversus
865 2809 1067 2867 Aeschyli
1088 2825 1267 2862 morem,
1301 2823 1432 2865 quem
1462 2810 1507 2852 in
1529 2810 1746 2866 prioribus

154 2869 331 2926 quidem
362 2869 602 2925 tragoediis
637 2885 737 2913 eum
769 2871 963 2914 tenuisse
996 2874 1189 2924 constat,
1229 2874 1320 2914 tres
1352 2884 1565 2927 personae
1596 2873 1745 2928 partes
