<?xml version="1.0" encoding="UTF-8"?>
<!DOCTYPE html PUBLIC "-//W3C//DTD XHTML 1.0 Transitional//EN"
    "http://www.w3.org/TR/xhtml1/DTD/xhtml1-transitional.dtd">
<html xmlns="http://www.w3.org/1999/xhtml" xml:lang="en" lang="en">
 <head>
  <title>
</title>
<meta http-equiv="Content-Type" content="text/html;charset=utf-8" />
  <meta name='ocr-system' content='tesseract 3.04.00' />
  <meta name='ocr-capabilities' content='ocr_page ocr_carea ocr_par ocr_line ocrx_word'/>
</head>
<body>
  <div class='ocr_page' id='page_1' title='image "4738130_0037.png"; bbox 0 0 2003 3216; ppageno 0'>
   <div class='ocr_carea' id='block_1_1' title="bbox 835 104 1130 145">
    <p class='ocr_par' dir='ltr' id='par_1_1' title="bbox 835 104 1130 145">
     <span class='ocr_line' id='line_1_1' title="bbox 835 104 1130 145; baseline -0.003 -8"><span class='ocrx_word' id='word_1_1' title='bbox 835 104 1130 145; x_wconf 64' lang='grc'>...29-</span> 
     </span>
    </p>
   </div>
   <div class='ocr_carea' id='block_1_2' title="bbox 192 231 1773 1009">
    <p class='ocr_par' dir='ltr' id='par_1_2' title="bbox 192 231 1773 1009">
     <span class='ocr_line' id='line_1_2' title="bbox 195 231 1771 294; baseline -0.004 -13"><span class='ocrx_word' id='word_1_2' title='bbox 195 237 370 294; x_wconf 85' lang='lat' dir='ltr'><strong>nuptias</strong></span> <span class='ocrx_word' id='word_1_3' title='bbox 415 235 655 279; x_wconf 82' lang='lat' dir='ltr'><strong>destinatas</strong></span> <span class='ocrx_word' id='word_1_4' title='bbox 701 248 797 276; x_wconf 89' lang='lat' dir='ltr'><strong>esse</strong></span> <span class='ocrx_word' id='word_1_5' title='bbox 843 247 871 275; x_wconf 90' lang='lat' dir='ltr'><strong>a</strong></span> <span class='ocrx_word' id='word_1_6' title='bbox 898 233 1020 285; x_wconf 84' lang='lat' dir='ltr'><strong>Jove,</strong></span> <span class='ocrx_word' id='word_1_7' title='bbox 1053 246 1195 287; x_wconf 88' lang='lat' dir='ltr'><strong>neque</strong></span> <span class='ocrx_word' id='word_1_8' title='bbox 1225 246 1348 287; x_wconf 87' lang='lat' dir='ltr'><strong>posse</strong></span> <span class='ocrx_word' id='word_1_9' title='bbox 1378 232 1508 274; x_wconf 86' lang='lat' dir='ltr'><strong>vitari</strong></span> <span class='ocrx_word' id='word_1_10' title='bbox 1536 231 1665 288; x_wconf 89' lang='lat' dir='ltr'><strong>hujus</strong></span> <span class='ocrx_word' id='word_1_11' title='bbox 1695 247 1771 275; x_wconf 89' lang='lat' dir='ltr'><strong>vo-</strong></span> 
     </span>
     <span class='ocr_line' id='line_1_3' title="bbox 194 291 1772 351; baseline -0.004 -9"><span class='ocrx_word' id='word_1_12' title='bbox 194 297 422 342; x_wconf 80' lang='lat' dir='ltr'><strong>luntatem.</strong></span> <span class='ocrx_word' id='word_1_13' title='bbox 482 295 718 351; x_wconf 86' lang='lat' dir='ltr'><strong>Postquam</strong></span> <span class='ocrx_word' id='word_1_14' title='bbox 749 295 897 337; x_wconf 89' lang='lat' dir='ltr'><strong>autem</strong></span> <span class='ocrx_word' id='word_1_15' title='bbox 926 291 1116 337; x_wconf 83' lang='lat' dir='ltr'><strong>famulae</strong></span> <span class='ocrx_word' id='word_1_16' title='bbox 1147 306 1234 336; x_wconf 91' lang='lat' dir='ltr'><strong>non</strong></span> <span class='ocrx_word' id='word_1_17' title='bbox 1263 291 1355 336; x_wconf 88' lang='lat' dir='ltr'><strong>sine</strong></span> <span class='ocrx_word' id='word_1_18' title='bbox 1376 291 1442 340; x_wconf 84' lang='lat' dir='ltr'><strong>ira</strong></span> <span class='ocrx_word' id='word_1_19' title='bbox 1463 291 1772 349; x_wconf 81' lang='lat' dir='ltr'>quaerentibus</span> 
     </span>
     <span class='ocr_line' id='line_1_4' title="bbox 196 353 1771 409; baseline -0.005 -7"><span class='ocrx_word' id='word_1_20' title='bbox 196 358 502 403; x_wconf 85' lang='lat' dir='ltr'><strong>concesserunt</strong></span> <span class='ocrx_word' id='word_1_21' title='bbox 545 368 639 398; x_wconf 85' lang='lat' dir='ltr'><strong>sese</strong></span> <span class='ocrx_word' id='word_1_22' title='bbox 685 353 864 398; x_wconf 79' lang='lat' dir='ltr'><strong>consilia</strong></span> <span class='ocrx_word' id='word_1_23' title='bbox 909 353 1057 397; x_wconf 88' lang='lat' dir='ltr'><strong>divina</strong></span> <span class='ocrx_word' id='word_1_24' title='bbox 1101 367 1188 396; x_wconf 90' lang='lat' dir='ltr'><strong>non</strong></span> <span class='ocrx_word' id='word_1_25' title='bbox 1234 367 1357 408; x_wconf 87' lang='lat' dir='ltr'><strong>posse</strong></span> <span class='ocrx_word' id='word_1_26' title='bbox 1388 353 1605 407; x_wconf 90' lang='lat' dir='ltr'><strong>augurari,</strong></span> <span class='ocrx_word' id='word_1_27' title='bbox 1638 356 1771 409; x_wconf 89' lang='lat' dir='ltr'><strong>atque</strong></span> 
     </span>
     <span class='ocr_line' id='line_1_5' title="bbox 192 412 1773 471; baseline -0.003 -9"><span class='ocrx_word' id='word_1_28' title='bbox 192 418 276 462; x_wconf 89' lang='lat' dir='ltr'><strong>hac</strong></span> <span class='ocrx_word' id='word_1_29' title='bbox 342 415 559 461; x_wconf 89' lang='lat' dir='ltr'><strong>modestia</strong></span> <span class='ocrx_word' id='word_1_30' title='bbox 622 414 803 471; x_wconf 86' lang='lat' dir='ltr'><strong>placatis</strong></span> <span class='ocrx_word' id='word_1_31' title='bbox 859 416 1092 458; x_wconf 84' lang='lat' dir='ltr'><strong>suaserunt</strong></span> <span class='ocrx_word' id='word_1_32' title='bbox 1147 428 1203 457; x_wconf 91' lang='lat' dir='ltr'><strong>ne</strong></span> <span class='ocrx_word' id='word_1_33' title='bbox 1254 412 1463 458; x_wconf 84' lang='lat' dir='ltr'>curiosius</span> <span class='ocrx_word' id='word_1_34' title='bbox 1498 413 1773 469; x_wconf 80' lang='lat' dir='ltr'><strong>inquirerent</strong></span> 
     </span>
     <span class='ocr_line' id='line_1_6' title="bbox 195 473 1772 527; baseline -0.004 -5"><span class='ocrx_word' id='word_1_35' title='bbox 195 478 376 522; x_wconf 89' lang='lat' dir='ltr'><strong>deorum</strong></span> <span class='ocrx_word' id='word_1_36' title='bbox 421 475 704 527; x_wconf 84' lang='lat' dir='ltr'><strong>voluntatem,</strong></span> <span class='ocrx_word' id='word_1_37' title='bbox 753 473 913 519; x_wconf 79' lang='lat' dir='ltr'><strong>desinit</strong></span> <span class='ocrx_word' id='word_1_38' title='bbox 950 474 1062 517; x_wconf 86' lang='lat' dir='ltr'><strong>rixa:</strong></span> <span class='ocrx_word' id='word_1_39' title='bbox 1110 487 1226 518; x_wconf 91' lang='lat' dir='ltr'><strong>nunc</strong></span> <span class='ocrx_word' id='word_1_40' title='bbox 1254 473 1444 517; x_wconf 90' lang='lat' dir='ltr'><strong>universi</strong></span> <span class='ocrx_word' id='word_1_41' title='bbox 1473 487 1636 526; x_wconf 88' lang='lat' dir='ltr'><strong>omnes,</strong></span> <span class='ocrx_word' id='word_1_42' title='bbox 1668 473 1772 526; x_wconf 80' lang='lat' dir='ltr'><strong>dum</strong></span> 
     </span>
     <span class='ocr_line' id='line_1_7' title="bbox 197 533 1772 590; baseline -0.001 -10"><span class='ocrx_word' id='word_1_43' title='bbox 197 539 250 581; x_wconf 89' lang='lat' dir='ltr'><strong>de</strong></span> <span class='ocrx_word' id='word_1_44' title='bbox 281 550 411 579; x_wconf 89' lang='lat' dir='ltr'><strong>scena</strong></span> <span class='ocrx_word' id='word_1_45' title='bbox 440 535 617 586; x_wconf 85' lang='lat' dir='ltr'><strong>abeunt,</strong></span> <span class='ocrx_word' id='word_1_46' title='bbox 649 538 696 577; x_wconf 91' lang='lat' dir='ltr'><strong>et</strong></span> <span class='ocrx_word' id='word_1_47' title='bbox 724 534 855 577; x_wconf 90' lang='lat' dir='ltr'><strong>herae</strong></span> <span class='ocrx_word' id='word_1_48' title='bbox 887 537 933 577; x_wconf 91' lang='lat' dir='ltr'><strong>et</strong></span> <span class='ocrx_word' id='word_1_49' title='bbox 961 533 1150 577; x_wconf 85' lang='lat' dir='ltr'><strong>famulae</strong></span> <span class='ocrx_word' id='word_1_50' title='bbox 1182 537 1228 577; x_wconf 90' lang='lat' dir='ltr'><strong>et</strong></span> <span class='ocrx_word' id='word_1_51' title='bbox 1247 548 1323 577; x_wconf 88' lang='lat' dir='ltr'><strong>rex</strong></span> <span class='ocrx_word' id='word_1_52' title='bbox 1346 534 1524 590; x_wconf 87' lang='lat' dir='ltr'><strong>ejusque</strong></span> <span class='ocrx_word' id='word_1_53' title='bbox 1544 533 1772 590; x_wconf 80' lang='lat' dir='ltr'><strong>pedisequi</strong></span> 
     </span>
     <span class='ocr_line' id='line_1_8' title="bbox 196 593 1770 649; baseline -0.002 -11"><span class='ocrx_word' id='word_1_54' title='bbox 196 596 339 639; x_wconf 86' lang='lat' dir='ltr'><strong>denuo</strong></span> <span class='ocrx_word' id='word_1_55' title='bbox 369 609 397 637; x_wconf 90' lang='lat' dir='ltr'><strong>a</strong></span> <span class='ocrx_word' id='word_1_56' title='bbox 426 594 510 637; x_wconf 89' lang='lat' dir='ltr'><strong>deo</strong></span> <span class='ocrx_word' id='word_1_57' title='bbox 540 593 730 638; x_wconf 81' lang='lat' dir='ltr'><strong>maximo</strong></span> <span class='ocrx_word' id='word_1_58' title='bbox 759 597 994 649; x_wconf 79' lang='lat' dir='ltr'><strong>precantur</strong></span> <span class='ocrx_word' id='word_1_59' title='bbox 1022 596 1073 636; x_wconf 93' lang='lat' dir='ltr'><strong>ut</strong></span> <span class='ocrx_word' id='word_1_60' title='bbox 1102 596 1251 644; x_wconf 84' lang='lat' dir='ltr'><strong>arceat</strong></span> <span class='ocrx_word' id='word_1_61' title='bbox 1286 594 1462 648; x_wconf 77' lang='lat' dir='ltr'><strong>nuptias</strong></span> <span class='ocrx_word' id='word_1_62' title='bbox 1497 594 1770 648; x_wconf 86' lang='lat' dir='ltr'><strong>perniciosas.</strong></span> 
     </span>
     <span class='ocr_line' id='line_1_9' title="bbox 194 652 1772 709; baseline -0.001 -10"><span class='ocrx_word' id='word_1_63' title='bbox 194 656 363 699; x_wconf 89' lang='lat' dir='ltr'><strong>Deinde</strong></span> <span class='ocrx_word' id='word_1_64' title='bbox 387 689 388 692; x_wconf 16' lang='grc' dir='ltr'>η</span> <span class='ocrx_word' id='word_1_65' title='bbox 414 655 461 697; x_wconf 93' lang='lat' dir='ltr'><strong>in</strong></span> <span class='ocrx_word' id='word_1_66' title='bbox 512 657 708 698; x_wconf 85' lang='lat' dir='ltr'><strong>extrema</strong></span> <span class='ocrx_word' id='word_1_67' title='bbox 751 654 903 709; x_wconf 87' lang='lat' dir='ltr'><strong>Agam.</strong></span> <span class='ocrx_word' id='word_1_68' title='bbox 948 652 1122 698; x_wconf 81' lang='lat' dir='ltr'><strong>fabulae</strong></span> <span class='ocrx_word' id='word_1_69' title='bbox 1166 667 1296 697; x_wconf 90' lang='lat' dir='ltr'><strong>scena</strong></span> <span class='ocrx_word' id='word_1_70' title='bbox 1341 652 1461 697; x_wconf 89' lang='lat' dir='ltr'><strong>chori</strong></span> <span class='ocrx_word' id='word_1_71' title='bbox 1504 667 1628 697; x_wconf 88' lang='lat' dir='ltr'><strong>senes</strong></span> <span class='ocrx_word' id='word_1_72' title='bbox 1673 668 1772 697; x_wconf 89' lang='lat' dir='ltr'><strong>cum</strong></span> 
     </span>
     <span class='ocr_line' id='line_1_10' title="bbox 195 713 1769 770; baseline -0.002 -12"><span class='ocrx_word' id='word_1_73' title='bbox 195 714 404 769; x_wconf 82' lang='lat' dir='ltr'><strong>Aegistho</strong></span> <span class='ocrx_word' id='word_1_74' title='bbox 434 727 522 757; x_wconf 90' lang='lat' dir='ltr'><strong>non</strong></span> <span class='ocrx_word' id='word_1_75' title='bbox 552 713 681 757; x_wconf 88' lang='lat' dir='ltr'><strong>modo</strong></span> <span class='ocrx_word' id='word_1_76' title='bbox 727 713 1027 757; x_wconf 85' lang='lat' dir='ltr'><strong>acerbissimis·</strong></span> <span class='ocrx_word' id='word_1_77' title='bbox 1052 713 1194 756; x_wconf 87' lang='lat' dir='ltr'><strong>verbis</strong></span> <span class='ocrx_word' id='word_1_78' title='bbox 1239 713 1355 768; x_wconf 89' lang='lat' dir='ltr'><strong>regis</strong></span> <span class='ocrx_word' id='word_1_79' title='bbox 1386 727 1535 756; x_wconf 86' lang='lat' dir='ltr'><strong>necem</strong></span> <span class='ocrx_word' id='word_1_80' title='bbox 1563 715 1769 770; x_wconf 88' lang='lat' dir='ltr'><strong>jactante,</strong></span> 
     </span>
     <span class='ocr_line' id='line_1_11' title="bbox 195 772 1770 828; baseline -0.001 -11"><span class='ocrx_word' id='word_1_81' title='bbox 195 775 272 818; x_wconf 88' lang='lat' dir='ltr'><strong>sed</strong></span> <span class='ocrx_word' id='word_1_82' title='bbox 320 774 451 817; x_wconf 86' lang='lat' dir='ltr'><strong>etiam</strong></span> <span class='ocrx_word' id='word_1_83' title='bbox 496 773 741 817; x_wconf 89' lang='lat' dir='ltr'><strong>hominibus</strong></span> <span class='ocrx_word' id='word_1_84' title='bbox 774 773 867 817; x_wconf 84' lang='lat' dir='ltr'><strong>sibi</strong></span> <span class='ocrx_word' id='word_1_85' title='bbox 902 773 1121 817; x_wconf 89' lang='lat' dir='ltr'><strong>restituris</strong></span> <span class='ocrx_word' id='word_1_86' title='bbox 1149 787 1311 828; x_wconf 82' lang='lat' dir='ltr'><strong>poenas</strong></span> <span class='ocrx_word' id='word_1_87' title='bbox 1342 772 1613 828; x_wconf 83' lang='lat' dir='ltr'><strong>gravissimas</strong></span> <span class='ocrx_word' id='word_1_88' title='bbox 1643 774 1770 816; x_wconf 92' lang='lat' dir='ltr'><strong>mini-</strong></span> 
     </span>
     <span class='ocr_line' id='line_1_12' title="bbox 194 832 1771 889; baseline -0.002 -11"><span class='ocrx_word' id='word_1_89' title='bbox 194 837 330 888; x_wconf 80' lang='lat' dir='ltr'><strong>tante,</strong></span> <span class='ocrx_word' id='word_1_90' title='bbox 371 833 636 884; x_wconf 83' lang='lat' dir='ltr'><strong>decertaturi</strong></span> <span class='ocrx_word' id='word_1_91' title='bbox 674 836 776 877; x_wconf 90' lang='lat' dir='ltr'><strong>sunt</strong></span> <span class='ocrx_word' id='word_1_92' title='bbox 807 833 980 889; x_wconf 79' lang='lat' dir='ltr'><strong>gladiis:</strong></span> <span class='ocrx_word' id='word_1_93' title='bbox 1018 832 1126 877; x_wconf 90' lang='lat' dir='ltr'><strong>haec</strong></span> <span class='ocrx_word' id='word_1_94' title='bbox 1157 847 1227 876; x_wconf 89' lang='lat' dir='ltr'><strong>res</strong></span> <span class='ocrx_word' id='word_1_95' title='bbox 1256 832 1429 876; x_wconf 86' lang='lat' dir='ltr'><strong>funesta</strong></span> <span class='ocrx_word' id='word_1_96' title='bbox 1458 832 1714 889; x_wconf 85' lang='lat' dir='ltr'><strong>prohibetur</strong></span> <span class='ocrx_word' id='word_1_97' title='bbox 1744 847 1771 876; x_wconf 88' lang='lat' dir='ltr'><strong>a</strong></span> 
     </span>
     <span class='ocr_line' id='line_1_13' title="bbox 194 893 1770 951; baseline 0 -14"><span class='ocrx_word' id='word_1_98' title='bbox 194 895 346 950; x_wconf 90' lang='lat' dir='ltr'><strong>regina</strong></span> <span class='ocrx_word' id='word_1_99' title='bbox 365 895 408 937; x_wconf 92' lang='lat' dir='ltr'><strong>in</strong></span> <span class='ocrx_word' id='word_1_100' title='bbox 431 908 603 938; x_wconf 84' lang='lat' dir='ltr'><strong>scenam</strong></span> <span class='ocrx_word' id='word_1_101' title='bbox 623 893 871 945; x_wconf 82' lang='lat' dir='ltr'><strong>festinante,</strong></span> <span class='ocrx_word' id='word_1_102' title='bbox 896 908 1008 950; x_wconf 89' lang='lat' dir='ltr'><strong>quae</strong></span> <span class='ocrx_word' id='word_1_103' title='bbox 1043 893 1255 951; x_wconf 82' lang='lat' dir='ltr'><strong>iratorum</strong></span> <span class='ocrx_word' id='word_1_104' title='bbox 1284 894 1440 936; x_wconf 89' lang='lat' dir='ltr'><strong>animis</strong></span> <span class='ocrx_word' id='word_1_105' title='bbox 1461 893 1637 937; x_wconf 89' lang='lat' dir='ltr'><strong>mollitis</strong></span> <span class='ocrx_word' id='word_1_106' title='bbox 1658 908 1770 937; x_wconf 89' lang='lat' dir='ltr'><strong>nova</strong></span> 
     </span>
     <span class='ocr_line' id='line_1_14' title="bbox 193 953 1770 1009; baseline -0.001 -11"><span class='ocrx_word' id='word_1_107' title='bbox 193 954 358 999; x_wconf 86' lang='lat' dir='ltr'><strong>scelera</strong></span> <span class='ocrx_word' id='word_1_108' title='bbox 373 953 683 998; x_wconf 88' lang='lat' dir='ltr'><strong>committenda</strong></span> <span class='ocrx_word' id='word_1_109' title='bbox 699 953 921 997; x_wconf 85' lang='lat' dir='ltr'><strong>dissuadet</strong></span> <span class='ocrx_word' id='word_1_110' title='bbox 936 957 1067 1009; x_wconf 89' lang='lat' dir='ltr'><strong>atque</strong></span> <span class='ocrx_word' id='word_1_111' title='bbox 1083 953 1314 1008; x_wconf 88' lang='lat' dir='ltr'><strong>pollicetur</strong></span> <span class='ocrx_word' id='word_1_112' title='bbox 1330 967 1424 996; x_wconf 89' lang='lat' dir='ltr'><strong>sese</strong></span> <span class='ocrx_word' id='word_1_113' title='bbox 1441 968 1530 996; x_wconf 89' lang='lat' dir='ltr'><strong>una</strong></span> <span class='ocrx_word' id='word_1_114' title='bbox 1545 969 1642 997; x_wconf 91' lang='lat' dir='ltr'><strong>cum</strong></span> <span class='ocrx_word' id='word_1_115' title='bbox 1658 968 1770 997; x_wconf 86' lang='lat' dir='ltr'><strong>novo</strong></span> 
     </span>
    </p>
   </div>
   <div class='ocr_carea' id='block_1_3' title="bbox 194 1011 1861 1071">
    <p class='ocr_par' dir='ltr' id='par_1_3' title="bbox 194 1011 1861 1071">
     <span class='ocr_line' id='line_1_15' title="bbox 194 1011 1861 1071; baseline 0 -14"><span class='ocrx_word' id='word_1_116' title='bbox 194 1015 375 1071; x_wconf 82' lang='lat' dir='ltr'><strong>conjuge</strong></span> <span class='ocrx_word' id='word_1_117' title='bbox 397 1014 543 1058; x_wconf 90' lang='lat' dir='ltr'><strong>omnia</strong></span> <span class='ocrx_word' id='word_1_118' title='bbox 562 1014 673 1057; x_wconf 91' lang='lat' dir='ltr'><strong>bene</strong></span> <span class='ocrx_word' id='word_1_119' title='bbox 695 1028 785 1057; x_wconf 86' lang='lat' dir='ltr'><strong>esse</strong></span> <span class='ocrx_word' id='word_1_120' title='bbox 808 1014 1159 1069; x_wconf 88' lang='lat' dir='ltr'><strong>gubernaturam.</strong></span> <span class='ocrx_word' id='word_1_121' title='bbox 1192 1012 1245 1056; x_wconf 91' lang='lat' dir='ltr'><strong>In</strong></span> <span class='ocrx_word' id='word_1_122' title='bbox 1266 1011 1454 1069; x_wconf 87' lang='lat' dir='ltr'><strong>Choeph.</strong></span> <span class='ocrx_word' id='word_1_123' title='bbox 1476 1017 1624 1057; x_wconf 91' lang='lat' dir='ltr'><strong>autem</strong></span> <span class='ocrx_word' id='word_1_124' title='bbox 1643 1012 1769 1057; x_wconf 86' lang='lat' dir='ltr'><strong>fabu-</strong></span> <span class='ocrx_word' id='word_1_125' title='bbox 1857 1013 1861 1016; x_wconf 66' lang='grc'>’</span> 
     </span>
    </p>
   </div>
   <div class='ocr_carea' id='block_1_4' title="bbox 189 1073 1771 2935">
    <p class='ocr_par' dir='ltr' id='par_1_4' title="bbox 189 1073 1771 2935">
     <span class='ocr_line' id='line_1_16' title="bbox 193 1073 1769 1129; baseline 0.001 -14"><span class='ocrx_word' id='word_1_126' title='bbox 193 1074 262 1117; x_wconf 92' lang='lat' dir='ltr'><strong>lae</strong></span> <span class='ocrx_word' id='word_1_127' title='bbox 295 1074 416 1117; x_wconf 86' lang='lat' dir='ltr'><strong>exitu</strong></span> <span class='ocrx_word' id='word_1_128' title='bbox 437 1073 614 1116; x_wconf 88' lang='lat' dir='ltr'><strong>Orestes</strong></span> <span class='ocrx_word' id='word_1_129' title='bbox 635 1074 876 1129; x_wconf 86' lang='lat' dir='ltr'><strong>praesentit</strong></span> <span class='ocrx_word' id='word_1_130' title='bbox 895 1087 989 1116; x_wconf 91' lang='lat' dir='ltr'><strong>sese</strong></span> <span class='ocrx_word' id='word_1_131' title='bbox 1009 1076 1188 1128; x_wconf 88' lang='lat' dir='ltr'><strong>propter</strong></span> <span class='ocrx_word' id='word_1_132' title='bbox 1210 1076 1394 1116; x_wconf 88' lang='lat' dir='ltr'><strong>matrem</strong></span> <span class='ocrx_word' id='word_1_133' title='bbox 1420 1077 1619 1117; x_wconf 85' lang='lat' dir='ltr'><strong>necatam</strong></span> <span class='ocrx_word' id='word_1_134' title='bbox 1639 1087 1769 1117; x_wconf 83' lang='lat' dir='ltr'><strong>vexa-</strong></span> 
     </span>
     <span class='ocr_line' id='line_1_17' title="bbox 193 1132 1769 1191; baseline 0 -15"><span class='ocrx_word' id='word_1_135' title='bbox 193 1137 288 1177; x_wconf 92' lang='lat' dir='ltr'><strong>tum</strong></span> <span class='ocrx_word' id='word_1_136' title='bbox 319 1133 373 1176; x_wconf 87' lang='lat' dir='ltr'><strong>iri</strong></span> <span class='ocrx_word' id='word_1_137' title='bbox 403 1147 431 1177; x_wconf 88' lang='lat' dir='ltr'><strong>a</strong></span> <span class='ocrx_word' id='word_1_138' title='bbox 460 1132 623 1176; x_wconf 86' lang='lat' dir='ltr'><strong>Furiis:</strong></span> <span class='ocrx_word' id='word_1_139' title='bbox 657 1134 835 1191; x_wconf 89' lang='lat' dir='ltr'><strong>ejusque</strong></span> <span class='ocrx_word' id='word_1_140' title='bbox 866 1133 1035 1176; x_wconf 90' lang='lat' dir='ltr'><strong>animus</strong></span> <span class='ocrx_word' id='word_1_141' title='bbox 1064 1132 1210 1176; x_wconf 88' lang='lat' dir='ltr'><strong>furore</strong></span> <span class='ocrx_word' id='word_1_142' title='bbox 1242 1135 1374 1188; x_wconf 89' lang='lat' dir='ltr'><strong>atque</strong></span> <span class='ocrx_word' id='word_1_143' title='bbox 1405 1133 1596 1176; x_wconf 90' lang='lat' dir='ltr'><strong>tenebris</strong></span> <span class='ocrx_word' id='word_1_144' title='bbox 1616 1133 1769 1177; x_wconf 89' lang='lat' dir='ltr'><strong>obscu-</strong></span> 
     </span>
     <span class='ocr_line' id='line_1_18' title="bbox 193 1192 1771 1252; baseline 0 -16"><span class='ocrx_word' id='word_1_145' title='bbox 193 1197 317 1236; x_wconf 89' lang='lat' dir='ltr'><strong>ratur</strong></span> <span class='ocrx_word' id='word_1_146' title='bbox 338 1208 475 1249; x_wconf 90' lang='lat' dir='ltr'><strong>eoque</strong></span> <span class='ocrx_word' id='word_1_147' title='bbox 497 1194 711 1249; x_wconf 85' lang='lat' dir='ltr'><strong>abripitur</strong></span> <span class='ocrx_word' id='word_1_148' title='bbox 731 1197 783 1236; x_wconf 92' lang='lat' dir='ltr'><strong>ut</strong></span> <span class='ocrx_word' id='word_1_149' title='bbox 807 1194 900 1249; x_wconf 87' lang='lat' dir='ltr'><strong>ipse</strong></span> <span class='ocrx_word' id='word_1_150' title='bbox 928 1193 1055 1237; x_wconf 90' lang='lat' dir='ltr'><strong>domo</strong></span> <span class='ocrx_word' id='word_1_151' title='bbox 1076 1192 1307 1249; x_wconf 86' lang='lat' dir='ltr'><strong>patriaque</strong></span> <span class='ocrx_word' id='word_1_152' title='bbox 1328 1193 1531 1248; x_wconf 89' lang='lat' dir='ltr'><strong>pellatur.</strong></span> <span class='ocrx_word' id='word_1_153' title='bbox 1570 1193 1771 1252; x_wconf 66' lang='lat' dir='ltr'><strong>Virgines</strong></span> 
     </span>
     <span class='ocr_line' id='line_1_19' title="bbox 194 1252 1771 1309; baseline 0 -12"><span class='ocrx_word' id='word_1_154' title='bbox 194 1257 355 1306; x_wconf 89' lang='lat' dir='ltr'><strong>autem,</strong></span> <span class='ocrx_word' id='word_1_155' title='bbox 390 1254 493 1296; x_wconf 89' lang='lat' dir='ltr'><strong>dum</strong></span> <span class='ocrx_word' id='word_1_156' title='bbox 523 1254 598 1297; x_wconf 91' lang='lat' dir='ltr'><strong>ille</strong></span> <span class='ocrx_word' id='word_1_157' title='bbox 621 1253 676 1297; x_wconf 90' lang='lat' dir='ltr'><strong>de</strong></span> <span class='ocrx_word' id='word_1_158' title='bbox 696 1267 825 1298; x_wconf 84' lang='lat' dir='ltr'><strong>scena</strong></span> <span class='ocrx_word' id='word_1_159' title='bbox 846 1253 950 1306; x_wconf 87' lang='lat' dir='ltr'><strong>abit,</strong></span> <span class='ocrx_word' id='word_1_160' title='bbox 984 1252 1137 1297; x_wconf 89' lang='lat' dir='ltr'><strong>domus</strong></span> <span class='ocrx_word' id='word_1_161' title='bbox 1163 1254 1309 1308; x_wconf 83' lang='lat' dir='ltr'><strong>regiae</strong></span> <span class='ocrx_word' id='word_1_162' title='bbox 1331 1252 1447 1296; x_wconf 87' lang='lat' dir='ltr'><strong>mala</strong></span> <span class='ocrx_word' id='word_1_163' title='bbox 1468 1257 1513 1296; x_wconf 93' lang='lat' dir='ltr'><strong>et</strong></span> <span class='ocrx_word' id='word_1_164' title='bbox 1532 1254 1771 1309; x_wconf 88' lang='lat' dir='ltr'><strong>praeterita</strong></span> 
     </span>
     <span class='ocr_line' id='line_1_20' title="bbox 194 1313 1768 1368; baseline 0.001 -12"><span class='ocrx_word' id='word_1_165' title='bbox 194 1318 239 1356; x_wconf 91' lang='lat' dir='ltr'><strong>et</strong></span> <span class='ocrx_word' id='word_1_166' title='bbox 288 1315 536 1368; x_wconf 87' lang='lat' dir='ltr'><strong>praesentia</strong></span> <span class='ocrx_word' id='word_1_167' title='bbox 585 1314 816 1368; x_wconf 84' lang='lat' dir='ltr'><strong>deplorant</strong></span> <span class='ocrx_word' id='word_1_168' title='bbox 863 1318 908 1358; x_wconf 89' lang='lat' dir='ltr'><strong>et</strong></span> <span class='ocrx_word' id='word_1_169' title='bbox 960 1313 1212 1357; x_wconf 84' lang='lat' dir='ltr'><strong>dubitanter</strong></span> <span class='ocrx_word' id='word_1_170' title='bbox 1262 1317 1535 1368; x_wconf 85' lang='lat' dir='ltr'><strong>augurantur</strong></span> <span class='ocrx_word' id='word_1_171' title='bbox 1583 1314 1768 1358; x_wconf 88' lang='lat' dir='ltr'><strong>salutem</strong></span> 
     </span>
     <span class='ocr_line' id='line_1_21' title="bbox 192 1372 1767 1429; baseline 0 -13"><span class='ocrx_word' id='word_1_172' title='bbox 192 1372 398 1416; x_wconf 89' lang='lat' dir='ltr'><strong>futuram.</strong></span> <span class='ocrx_word' id='word_1_173' title='bbox 464 1372 821 1429; x_wconf 86' lang='lat' dir='ltr'><strong>Splendidissime</strong></span> <span class='ocrx_word' id='word_1_174' title='bbox 842 1386 971 1429; x_wconf 91' lang='lat' dir='ltr'><strong>porro</strong></span> <span class='ocrx_word' id='word_1_175' title='bbox 990 1372 1142 1416; x_wconf 91' lang='lat' dir='ltr'><strong>finitur</strong></span> <span class='ocrx_word' id='word_1_176' title='bbox 1170 1375 1365 1416; x_wconf 89' lang='lat' dir='ltr'><strong>extrema</strong></span> <span class='ocrx_word' id='word_1_177' title='bbox 1385 1373 1584 1429; x_wconf 87' lang='lat' dir='ltr'><strong>trilogiae</strong></span> <span class='ocrx_word' id='word_1_178' title='bbox 1605 1372 1767 1416; x_wconf 86' lang='lat' dir='ltr'><strong>fabula.</strong></span> 
     </span>
     <span class='ocr_line' id='line_1_22' title="bbox 196 1432 1771 1489; baseline 0.001 -14"><span class='ocrx_word' id='word_1_179' title='bbox 196 1433 397 1488; x_wconf 90' lang='lat' dir='ltr'><strong>Namque</strong></span> <span class='ocrx_word' id='word_1_180' title='bbox 428 1437 659 1489; x_wconf 84' lang='lat' dir='ltr'><strong>postquam</strong></span> <span class='ocrx_word' id='word_1_181' title='bbox 680 1433 840 1476; x_wconf 88' lang='lat' dir='ltr'><strong>Furiae</strong></span> <span class='ocrx_word' id='word_1_182' title='bbox 864 1434 1027 1476; x_wconf 88' lang='lat' dir='ltr'><strong>civibus</strong></span> <span class='ocrx_word' id='word_1_183' title='bbox 1048 1434 1168 1476; x_wconf 88' lang='lat' dir='ltr'><strong>novis</strong></span> <span class='ocrx_word' id='word_1_184' title='bbox 1190 1432 1417 1476; x_wconf 90' lang='lat' dir='ltr'><strong>sibisedes</strong></span> <span class='ocrx_word' id='word_1_185' title='bbox 1437 1433 1771 1477; x_wconf 87' lang='lat' dir='ltr'><strong>concedentibus</strong></span> 
     </span>
     <span class='ocr_line' id='line_1_23' title="bbox 193 1491 1769 1553; baseline 0.001 -17"><span class='ocrx_word' id='word_1_186' title='bbox 193 1496 297 1536; x_wconf 88' lang='lat' dir='ltr'><strong>sunt</strong></span> <span class='ocrx_word' id='word_1_187' title='bbox 342 1491 588 1549; x_wconf 89' lang='lat' dir='ltr'><strong>gratulatae</strong></span> <span class='ocrx_word' id='word_1_188' title='bbox 627 1496 672 1537; x_wconf 90' lang='lat' dir='ltr'><strong>et</strong></span> <span class='ocrx_word' id='word_1_189' title='bbox 703 1493 1009 1553; x_wconf 80' lang='lat' dir='ltr'><strong>salutaverunt</strong></span> <span class='ocrx_word' id='word_1_190' title='bbox 1050 1492 1169 1545; x_wconf 87' lang='lat' dir='ltr'><strong>deos,</strong></span> <span class='ocrx_word' id='word_1_191' title='bbox 1219 1492 1474 1548; x_wconf 87' lang='lat' dir='ltr'><strong>quibuscum</strong></span> <span class='ocrx_word' id='word_1_192' title='bbox 1519 1496 1769 1538; x_wconf 86' lang='lat' dir='ltr'><strong>versaturae</strong></span> 
     </span>
     <span class='ocr_line' id='line_1_24' title="bbox 195 1553 1770 1610; baseline 0.001 -14"><span class='ocrx_word' id='word_1_193' title='bbox 195 1557 340 1597; x_wconf 89' lang='lat' dir='ltr'><strong>essent</strong></span> <span class='ocrx_word' id='word_1_194' title='bbox 368 1554 415 1596; x_wconf 90' lang='lat' dir='ltr'><strong>in</strong></span> <span class='ocrx_word' id='word_1_195' title='bbox 436 1554 590 1596; x_wconf 88' lang='lat' dir='ltr'><strong>eadem</strong></span> <span class='ocrx_word' id='word_1_196' title='bbox 611 1555 732 1605; x_wconf 89' lang='lat' dir='ltr'><strong>urbe,</strong></span> <span class='ocrx_word' id='word_1_197' title='bbox 764 1553 984 1597; x_wconf 89' lang='lat' dir='ltr'><strong>Minervae</strong></span> <span class='ocrx_word' id='word_1_198' title='bbox 1013 1554 1152 1610; x_wconf 88' lang='lat' dir='ltr'><strong>jussu,</strong></span> <span class='ocrx_word' id='word_1_199' title='bbox 1186 1567 1300 1608; x_wconf 88' lang='lat' dir='ltr'><strong>quae</strong></span> <span class='ocrx_word' id='word_1_200' title='bbox 1330 1554 1436 1608; x_wconf 85' lang='lat' dir='ltr'><strong>ipsa,</strong></span> <span class='ocrx_word' id='word_1_201' title='bbox 1470 1557 1520 1596; x_wconf 91' lang='lat' dir='ltr'><strong>ut</strong></span> <span class='ocrx_word' id='word_1_202' title='bbox 1539 1557 1770 1610; x_wconf 85' lang='lat' dir='ltr'><strong>sequentes</strong></span> 
     </span>
     <span class='ocr_line' id='line_1_25' title="bbox 196 1611 1769 1672; baseline 0.001 -15"><span class='ocrx_word' id='word_1_203' title='bbox 196 1613 353 1658; x_wconf 90' lang='lat' dir='ltr'><strong>ducere</strong></span> <span class='ocrx_word' id='word_1_204' title='bbox 384 1613 607 1666; x_wconf 88' lang='lat' dir='ltr'><strong>videatur,</strong></span> <span class='ocrx_word' id='word_1_205' title='bbox 640 1613 788 1670; x_wconf 90' lang='lat' dir='ltr'><strong>paullo</strong></span> <span class='ocrx_word' id='word_1_206' title='bbox 819 1613 938 1670; x_wconf 89' lang='lat' dir='ltr'><strong>prius</strong></span> <span class='ocrx_word' id='word_1_207' title='bbox 969 1627 1060 1656; x_wconf 85' lang='lat' dir='ltr'><strong>sese</strong></span> <span class='ocrx_word' id='word_1_208' title='bbox 1092 1612 1310 1656; x_wconf 89' lang='lat' dir='ltr'><strong>abituram</strong></span> <span class='ocrx_word' id='word_1_209' title='bbox 1344 1626 1439 1656; x_wconf 88' lang='lat' dir='ltr'><strong>esse</strong></span> <span class='ocrx_word' id='word_1_210' title='bbox 1470 1613 1533 1656; x_wconf 85' lang='lat' dir='ltr'><strong>ait</strong></span> <span class='ocrx_word' id='word_1_211' title='bbox 1562 1611 1623 1672; x_wconf 90' lang='lat' dir='ltr'><strong>(v.</strong></span> <span class='ocrx_word' id='word_1_212' title='bbox 1646 1613 1769 1670; x_wconf 87' lang='lat'><strong>981),</strong></span> 
     </span>
     <span class='ocr_line' id='line_1_26' title="bbox 193 1673 1767 1729; baseline 0.001 -13"><span class='ocrx_word' id='word_1_213' title='bbox 193 1674 301 1717; x_wconf 87' lang='lat' dir='ltr'><strong>haec</strong></span> <span class='ocrx_word' id='word_1_214' title='bbox 323 1674 490 1716; x_wconf 84' lang='lat' dir='ltr'><strong>exsistit</strong></span> <span class='ocrx_word' id='word_1_215' title='bbox 509 1688 668 1729; x_wconf 89' lang='lat' dir='ltr'><strong>pompa</strong></span> <span class='ocrx_word' id='word_1_216' title='bbox 688 1678 739 1716; x_wconf 91' lang='lat' dir='ltr'><strong>ut</strong></span> <span class='ocrx_word' id='word_1_217' title='bbox 758 1673 1010 1729; x_wconf 86' lang='lat' dir='ltr'><strong>praeferant</strong></span> <span class='ocrx_word' id='word_1_218' title='bbox 1044 1673 1159 1717; x_wconf 88' lang='lat' dir='ltr'><strong>faces</strong></span> <span class='ocrx_word' id='word_1_219' title='bbox 1180 1673 1289 1716; x_wconf 87' lang='lat' dir='ltr'><strong>deae</strong></span> <span class='ocrx_word' id='word_1_220' title='bbox 1311 1674 1533 1717; x_wconf 87' lang='lat' dir='ltr'><strong>ministrae</strong></span> <span class='ocrx_word' id='word_1_221' title='bbox 1556 1675 1642 1727; x_wconf 70' lang='lat' dir='ltr'><strong>(arv.</strong></span> <span class='ocrx_word' id='word_1_222' title='bbox 1667 1675 1767 1729; x_wconf 84' lang='lat'><strong>983,</strong></span> 
     </span>
     <span class='ocr_line' id='line_1_27' title="bbox 195 1732 1770 1792; baseline 0 -15"><span class='ocrx_word' id='word_1_223' title='bbox 195 1732 524 1790; x_wconf 85' lang='lat'>1000—1003)‚</span> <span class='ocrx_word' id='word_1_224' title='bbox 556 1734 873 1790; x_wconf 87' lang='lat' dir='ltr'><strong>subsequantur</strong></span> <span class='ocrx_word' id='word_1_225' title='bbox 892 1736 1039 1777; x_wconf 90' lang='lat' dir='ltr'><strong>autem</strong></span> <span class='ocrx_word' id='word_1_226' title='bbox 1060 1736 1106 1777; x_wconf 93' lang='lat' dir='ltr'><strong>et</strong></span> <span class='ocrx_word' id='word_1_227' title='bbox 1125 1733 1414 1789; x_wconf 87' lang='lat' dir='ltr'><strong>Areopagitae</strong></span> <span class='ocrx_word' id='word_1_228' title='bbox 1435 1733 1521 1790; x_wconf 91' lang='lat' dir='ltr'><strong>(vv.</strong></span> <span class='ocrx_word' id='word_1_229' title='bbox 1544 1732 1631 1778; x_wconf 87' lang='grc'><strong>988</strong></span> <span class='ocrx_word' id='word_1_230' title='bbox 1653 1732 1770 1792; x_wconf 88' lang='lat' dir='ltr'><strong>sqq.)</strong></span> 
     </span>
     <span class='ocr_line' id='line_1_28' title="bbox 193 1793 1768 1849; baseline 0.001 -13"><span class='ocrx_word' id='word_1_231' title='bbox 193 1798 237 1836; x_wconf 91' lang='lat' dir='ltr'><strong>et</strong></span> <span class='ocrx_word' id='word_1_232' title='bbox 256 1795 374 1849; x_wconf 86' lang='lat' dir='ltr'><strong>ipsae</strong></span> <span class='ocrx_word' id='word_1_233' title='bbox 396 1793 565 1837; x_wconf 87' lang='lat' dir='ltr'><strong>Furiae.</strong></span> <span class='ocrx_word' id='word_1_234' title='bbox 608 1793 717 1836; x_wconf 88' lang='lat' dir='ltr'><strong>Inde</strong></span> <span class='ocrx_word' id='word_1_235' title='bbox 740 1808 915 1837; x_wconf 87' lang='lat' dir='ltr'><strong>carmen</strong></span> <span class='ocrx_word' id='word_1_236' title='bbox 936 1797 1138 1837; x_wconf 87' lang='lat' dir='ltr'><strong>cantatur</strong></span> <span class='ocrx_word' id='word_1_237' title='bbox 1158 1807 1186 1836; x_wconf 89' lang='lat' dir='ltr'><strong>a</strong></span> <span class='ocrx_word' id='word_1_238' title='bbox 1204 1794 1558 1849; x_wconf 89' lang='lat' dir='ltr'><strong>prosequentium</strong></span> <span class='ocrx_word' id='word_1_239' title='bbox 1581 1798 1768 1847; x_wconf 86' lang='lat' dir='ltr'><strong>caterva,</strong></span> 
     </span>
     <span class='ocr_line' id='line_1_29' title="bbox 193 1852 1767 1910; baseline 0.001 -14"><span class='ocrx_word' id='word_1_240' title='bbox 193 1868 278 1909; x_wconf 90' lang='lat' dir='ltr'><strong>quo</strong></span> <span class='ocrx_word' id='word_1_241' title='bbox 324 1852 475 1897; x_wconf 89' lang='lat' dir='ltr'><strong>Noctis</strong></span> <span class='ocrx_word' id='word_1_242' title='bbox 520 1853 693 1910; x_wconf 86' lang='lat' dir='ltr'><strong>puellae</strong></span> <span class='ocrx_word' id='word_1_243' title='bbox 741 1853 1013 1909; x_wconf 86' lang='lat' dir='ltr'><strong>grandaevae</strong></span> <span class='ocrx_word' id='word_1_244' title='bbox 1061 1854 1142 1896; x_wconf 90' lang='lat' dir='ltr'><strong>sub</strong></span> <span class='ocrx_word' id='word_1_245' title='bbox 1193 1853 1335 1896; x_wconf 90' lang='lat' dir='ltr'><strong>hilara</strong></span> <span class='ocrx_word' id='word_1_246' title='bbox 1378 1861 1553 1909; x_wconf 83' lang='lat' dir='ltr'><strong>pompa·</strong></span> <span class='ocrx_word' id='word_1_247' title='bbox 1591 1853 1767 1905; x_wconf 82' lang='lat' dir='ltr'><strong>domum</strong></span> 
     </span>
     <span class='ocr_line' id='line_1_30' title="bbox 191 1913 1769 1971; baseline 0.001 -15"><span class='ocrx_word' id='word_1_248' title='bbox 191 1913 428 1969; x_wconf 88' lang='lat' dir='ltr'><strong>procedere</strong></span> <span class='ocrx_word' id='word_1_249' title='bbox 455 1914 676 1971; x_wconf 89' lang='lat' dir='ltr'><strong>jubentur,</strong></span> <span class='ocrx_word' id='word_1_250' title='bbox 710 1917 761 1956; x_wconf 92' lang='lat' dir='ltr'><strong>ut</strong></span> <span class='ocrx_word' id='word_1_251' title='bbox 790 1915 832 1957; x_wconf 88' lang='lat' dir='ltr'><strong>in</strong></span> <span class='ocrx_word' id='word_1_252' title='bbox 866 1914 1042 1957; x_wconf 89' lang='lat' dir='ltr'><strong>sedibus</strong></span> <span class='ocrx_word' id='word_1_253' title='bbox 1063 1913 1322 1957; x_wconf 85' lang='lat' dir='ltr'><strong>venerandis</strong></span> <span class='ocrx_word' id='word_1_254' title='bbox 1349 1914 1564 1969; x_wconf 87' lang='lat' dir='ltr'><strong>accipiant</strong></span> <span class='ocrx_word' id='word_1_255' title='bbox 1583 1913 1769 1957; x_wconf 90' lang='lat' dir='ltr'><strong>honores</strong></span> 
     </span>
     <span class='ocr_line' id='line_1_31' title="bbox 191 1973 1766 2031; baseline 0.001 -14"><span class='ocrx_word' id='word_1_256' title='bbox 191 1978 325 2030; x_wconf 88' lang='lat' dir='ltr'><strong>atque</strong></span> <span class='ocrx_word' id='word_1_257' title='bbox 370 1974 734 2025; x_wconf 83' lang='lat' dir='ltr'><strong>immolationem;</strong></span> <span class='ocrx_word' id='word_1_258' title='bbox 764 1975 831 2018; x_wconf 90' lang='lat' dir='ltr'><strong>bis</strong></span> <span class='ocrx_word' id='word_1_259' title='bbox 875 1977 1024 2017; x_wconf 91' lang='lat' dir='ltr'><strong>autem</strong></span> <span class='ocrx_word' id='word_1_260' title='bbox 1069 1987 1226 2030; x_wconf 91' lang='lat' dir='ltr'><strong>praeco</strong></span> <span class='ocrx_word' id='word_1_261' title='bbox 1271 1973 1376 2030; x_wconf 92' lang='lat' dir='ltr'><strong>quid</strong></span> <span class='ocrx_word' id='word_1_262' title='bbox 1421 1974 1631 2031; x_wconf 84' lang='lat' dir='ltr'><strong>interjicit</strong></span> <span class='ocrx_word' id='word_1_263' title='bbox 1678 1989 1766 2031; x_wconf 90' lang='lat' dir='ltr'><strong>quo</strong></span> 
     </span>
     <span class='ocr_line' id='line_1_32' title="bbox 191 2034 1770 2091; baseline 0.003 -14"><span class='ocrx_word' id='word_1_264' title='bbox 191 2048 340 2077; x_wconf 87' lang='lat' dir='ltr'><strong>omnes</strong></span> <span class='ocrx_word' id='word_1_265' title='bbox 370 2035 485 2078; x_wconf 87' lang='lat' dir='ltr'><strong>cives</strong></span> <span class='ocrx_word' id='word_1_266' title='bbox 531 2035 689 2090; x_wconf 87' lang='lat' dir='ltr'><strong>linguis</strong></span> <span class='ocrx_word' id='word_1_267' title='bbox 719 2034 866 2078; x_wconf 85' lang='lat' dir='ltr'><strong>favere</strong></span> <span class='ocrx_word' id='word_1_268' title='bbox 893 2035 1058 2091; x_wconf 87' lang='lat' dir='ltr'><strong>jubeat.</strong></span> <span class='ocrx_word' id='word_1_269' title='bbox 1136 2034 1306 2077; x_wconf 88' lang='lat' dir='ltr'><strong>Deinde</strong></span> <span class='ocrx_word' id='word_1_270' title='bbox 1344 2034 1497 2077; x_wconf 90' lang='lat' dir='ltr'><strong>eadem</strong></span> <span class='ocrx_word' id='word_1_271' title='bbox 1537 2039 1712 2079; x_wconf 86' lang='lat' dir='ltr'><strong>caterva</strong></span> <span class='ocrx_word' id='word_1_272' title='bbox 1742 2049 1770 2081; x_wconf 84' lang='lat' dir='ltr'><strong>a</strong></span> 
     </span>
     <span class='ocr_line' id='line_1_33' title="bbox 191 2094 1767 2151; baseline 0.002 -14"><span class='ocrx_word' id='word_1_273' title='bbox 191 2094 332 2138; x_wconf 88' lang='lat' dir='ltr'><strong>Furiis</strong></span> <span class='ocrx_word' id='word_1_274' title='bbox 382 2095 752 2151; x_wconf 86' lang='lat' dir='ltr'><strong>subsequentibus·</strong></span> <span class='ocrx_word' id='word_1_275' title='bbox 794 2095 907 2151; x_wconf 77' lang='lat' dir='ltr'><strong>petit</strong></span> <span class='ocrx_word' id='word_1_276' title='bbox 951 2097 1002 2138; x_wconf 90' lang='lat' dir='ltr'><strong>ut</strong></span> <span class='ocrx_word' id='word_1_277' title='bbox 1050 2097 1257 2139; x_wconf 82' lang='lat' dir='ltr'><strong>maneant</strong></span> <span class='ocrx_word' id='word_1_278' title='bbox 1306 2094 1405 2138; x_wconf 90' lang='lat' dir='ltr'><strong>urbi</strong></span> <span class='ocrx_word' id='word_1_279' title='bbox 1449 2095 1493 2138; x_wconf 92' lang='lat' dir='ltr'><strong>in</strong></span> <span class='ocrx_word' id='word_1_280' title='bbox 1541 2099 1767 2140; x_wconf 86' lang='lat' dir='ltr'><strong>aeternum</strong></span> 
     </span>
     <span class='ocr_line' id='line_1_34' title="bbox 190 2154 1768 2211; baseline 0.001 -13"><span class='ocrx_word' id='word_1_281' title='bbox 190 2154 445 2198; x_wconf 85' lang='lat' dir='ltr'><strong>benevolae:</strong></span> <span class='ocrx_word' id='word_1_282' title='bbox 504 2169 656 2211; x_wconf 85' lang='lat' dir='ltr'><strong>pacem</strong></span> <span class='ocrx_word' id='word_1_283' title='bbox 679 2174 688 2184; x_wconf 90' lang='lat'><strong>·</strong></span> <span class='ocrx_word' id='word_1_284' title='bbox 708 2169 801 2198; x_wconf 90' lang='lat' dir='ltr'><strong>esse</strong></span> <span class='ocrx_word' id='word_1_285' title='bbox 851 2154 1014 2199; x_wconf 76' lang='lat' dir='ltr'><strong>factam</strong></span> <span class='ocrx_word' id='word_1_286' title='bbox 1072 2156 1441 2198; x_wconf 89' lang='lat' dir='ltr'><strong>consentientibus</strong></span> <span class='ocrx_word' id='word_1_287' title='bbox 1487 2155 1615 2208; x_wconf 83' lang='lat' dir='ltr'><strong>Jove,</strong></span> <span class='ocrx_word' id='word_1_288' title='bbox 1664 2170 1768 2211; x_wconf 88' lang='lat' dir='ltr'><strong>rege</strong></span> 
     </span>
     <span class='ocr_line' id='line_1_35' title="bbox 192 2213 1768 2274; baseline 0.001 -17"><span class='ocrx_word' id='word_1_289' title='bbox 192 2213 412 2273; x_wconf 82' lang='lat' dir='ltr'><strong>Olympio,</strong></span> <span class='ocrx_word' id='word_1_290' title='bbox 462 2219 508 2258; x_wconf 92' lang='lat' dir='ltr'><strong>et</strong></span> <span class='ocrx_word' id='word_1_291' title='bbox 537 2213 694 2267; x_wconf 86' lang='lat' dir='ltr'><strong>Parca,</strong></span> <span class='ocrx_word' id='word_1_292' title='bbox 743 2229 855 2271; x_wconf 89' lang='lat' dir='ltr'><strong>quae</strong></span> <span class='ocrx_word' id='word_1_293' title='bbox 900 2215 1127 2258; x_wconf 89' lang='lat' dir='ltr'><strong>numinum</strong></span> <span class='ocrx_word' id='word_1_294' title='bbox 1172 2218 1369 2258; x_wconf 88' lang='lat' dir='ltr'><strong>veterum</strong></span> <span class='ocrx_word' id='word_1_295' title='bbox 1407 2218 1558 2258; x_wconf 90' lang='lat' dir='ltr'><strong>teneat</strong></span> <span class='ocrx_word' id='word_1_296' title='bbox 1602 2220 1768 2274; x_wconf 70' lang='lat' dir='ltr'><strong>partes3</strong></span> 
     </span>
     <span class='ocr_line' id='line_1_36' title="bbox 190 2274 1769 2330; baseline 0.001 -13"><span class='ocrx_word' id='word_1_297' title='bbox 190 2275 256 2318; x_wconf 88' lang='lat' dir='ltr'><strong>bis</strong></span> <span class='ocrx_word' id='word_1_298' title='bbox 287 2278 433 2318; x_wconf 90' lang='lat' dir='ltr'><strong>autem</strong></span> <span class='ocrx_word' id='word_1_299' title='bbox 464 2274 581 2318; x_wconf 90' lang='lat' dir='ltr'><strong>idem</strong></span> <span class='ocrx_word' id='word_1_300' title='bbox 612 2289 768 2330; x_wconf 88' lang='lat' dir='ltr'><strong>praeco</strong></span> <span class='ocrx_word' id='word_1_301' title='bbox 800 2278 948 2318; x_wconf 91' lang='lat' dir='ltr'><strong>monet</strong></span> <span class='ocrx_word' id='word_1_302' title='bbox 978 2275 1092 2318; x_wconf 88' lang='lat' dir='ltr'><strong>cives</strong></span> <span class='ocrx_word' id='word_1_303' title='bbox 1123 2278 1175 2317; x_wconf 90' lang='lat' dir='ltr'><strong>ut</strong></span> <span class='ocrx_word' id='word_1_304' title='bbox 1211 2275 1471 2319; x_wconf 90' lang='lat' dir='ltr'><strong>clamoribus</strong></span> <span class='ocrx_word' id='word_1_305' title='bbox 1507 2277 1769 2319; x_wconf 85' lang='lat' dir='ltr'><strong>comitentur</strong></span> 
     </span>
     <span class='ocr_line' id='line_1_37' title="bbox 191 2333 1767 2392; baseline 0.001 -14"><span class='ocrx_word' id='word_1_306' title='bbox 191 2337 409 2378; x_wconf 80' lang='lat' dir='ltr'><strong>canentes,</strong></span> <span class='ocrx_word' id='word_1_307' title='bbox 470 2333 627 2378; x_wconf 86' lang='lat' dir='ltr'><strong>Restat</strong></span> <span class='ocrx_word' id='word_1_308' title='bbox 647 2334 787 2378; x_wconf 86' lang='lat' dir='ltr'><strong>exitus</strong></span> <span class='ocrx_word' id='word_1_309' title='bbox 807 2333 928 2378; x_wconf 88' lang='lat' dir='ltr'><strong>Pers.</strong></span> <span class='ocrx_word' id='word_1_310' title='bbox 959 2333 1148 2378; x_wconf 85' lang='lat' dir='ltr'><strong>fabulae.</strong></span> <span class='ocrx_word' id='word_1_311' title='bbox 1216 2334 1300 2392; x_wconf 91' lang='lat' dir='ltr'><strong>Hic</strong></span> <span class='ocrx_word' id='word_1_312' title='bbox 1331 2335 1473 2378; x_wconf 84' lang='lat' dir='ltr'><strong>exitus</strong></span> <span class='ocrx_word' id='word_1_313' title='bbox 1507 2335 1619 2379; x_wconf 89' lang='lat' dir='ltr'><strong>bene</strong></span> <span class='ocrx_word' id='word_1_314' title='bbox 1651 2350 1767 2379; x_wconf 88' lang='lat' dir='ltr'><strong>com-</strong></span> 
     </span>
     <span class='ocr_line' id='line_1_38' title="bbox 189 2394 1766 2453; baseline 0.001 -14"><span class='ocrx_word' id='word_1_315' title='bbox 189 2395 335 2452; x_wconf 81' lang='lat' dir='ltr'><strong>parari</strong></span> <span class='ocrx_word' id='word_1_316' title='bbox 360 2399 510 2452; x_wconf 80' lang='lat' dir='ltr'><strong>&#39;potest</strong></span> <span class='ocrx_word' id='word_1_317' title='bbox 539 2410 637 2440; x_wconf 89' lang='lat' dir='ltr'><strong>cum</strong></span> <span class='ocrx_word' id='word_1_318' title='bbox 657 2395 758 2448; x_wconf 87' lang='lat' dir='ltr'><strong>fine,</strong></span> <span class='ocrx_word' id='word_1_319' title='bbox 791 2396 965 2452; x_wconf 90' lang='lat' dir='ltr'><strong>qualem</strong></span> <span class='ocrx_word' id='word_1_320' title='bbox 996 2396 1090 2452; x_wconf 83' lang='lat' dir='ltr'><strong>ipse</strong></span> <span class='ocrx_word' id='word_1_321' title='bbox 1112 2394 1350 2453; x_wconf 86' lang='lat' dir='ltr'><strong>Aeschylus</strong></span> <span class='ocrx_word' id='word_1_322' title='bbox 1374 2395 1492 2452; x_wconf 88' lang='lat' dir='ltr'><strong>Sept.</strong></span> <span class='ocrx_word' id='word_1_323' title='bbox 1514 2396 1766 2453; x_wconf 86' lang='lat' dir='ltr'><strong>tragoediae</strong></span> 
     </span>
     <span class='ocr_line' id='line_1_39' title="bbox 191 2455 1765 2513; baseline 0.001 -15"><span class='ocrx_word' id='word_1_324' title='bbox 191 2456 423 2513; x_wconf 82' lang='lat' dir='ltr'><strong>subjecisse</strong></span> <span class='ocrx_word' id='word_1_325' title='bbox 470 2455 656 2500; x_wconf 76' lang='lat' dir='ltr'><strong>videtur.</strong></span> <span class='ocrx_word' id='word_1_326' title='bbox 734 2455 932 2512; x_wconf 85' lang='lat' dir='ltr'><strong>Namque</strong></span> <span class='ocrx_word' id='word_1_327' title='bbox 969 2457 1048 2498; x_wconf 91' lang='lat' dir='ltr'><strong>illa</strong></span> <span class='ocrx_word' id='word_1_328' title='bbox 1077 2457 1123 2498; x_wconf 92' lang='lat' dir='ltr'><strong>in</strong></span> <span class='ocrx_word' id='word_1_329' title='bbox 1168 2456 1395 2511; x_wconf 85' lang='lat' dir='ltr'><strong>tragoedia</strong></span> <span class='ocrx_word' id='word_1_330' title='bbox 1440 2471 1567 2499; x_wconf 89' lang='lat' dir='ltr'><strong>senes</strong></span> <span class='ocrx_word' id='word_1_331' title='bbox 1599 2462 1645 2499; x_wconf 90' lang='lat' dir='ltr'><strong>ct</strong></span> <span class='ocrx_word' id='word_1_332' title='bbox 1674 2472 1765 2508; x_wconf 88' lang='lat' dir='ltr'><strong>rex,</strong></span> 
     </span>
     <span class='ocr_line' id='line_1_40' title="bbox 189 2514 1769 2573; baseline 0.001 -13"><span class='ocrx_word' id='word_1_333' title='bbox 189 2520 423 2573; x_wconf 89' lang='lat' dir='ltr'><strong>postquam</strong></span> <span class='ocrx_word' id='word_1_334' title='bbox 454 2519 585 2560; x_wconf 85' lang='lat' dir='ltr'><strong>antea</strong></span> <span class='ocrx_word' id='word_1_335' title='bbox 614 2515 782 2573; x_wconf 86' lang='lat' dir='ltr'><strong>amplos</strong></span> <span class='ocrx_word' id='word_1_336' title='bbox 813 2515 958 2561; x_wconf 87' lang='lat' dir='ltr'><strong>luctus</strong></span> <span class='ocrx_word' id='word_1_337' title='bbox 989 2515 1223 2560; x_wconf 88' lang='lat' dir='ltr'><strong>ediderunt</strong></span> <span class='ocrx_word' id='word_1_338' title='bbox 1243 2515 1298 2560; x_wconf 91' lang='lat' dir='ltr'><strong>de</strong></span> <span class='ocrx_word' id='word_1_339' title='bbox 1319 2514 1548 2560; x_wconf 89' lang='lat' dir='ltr'><strong>Persarum</strong></span> <span class='ocrx_word' id='word_1_340' title='bbox 1571 2517 1769 2573; x_wconf 90' lang='lat' dir='ltr'><strong>potentia</strong></span> 
     </span>
     <span class='ocr_line' id='line_1_41' title="bbox 189 2577 1766 2633; baseline 0.001 -14"><span class='ocrx_word' id='word_1_341' title='bbox 189 2577 343 2629; x_wconf 80' lang='lat' dir='ltr'><strong>fracta,</strong></span> <span class='ocrx_word' id='word_1_342' title='bbox 375 2577 486 2620; x_wconf 88' lang='lat' dir='ltr'><strong>adeo</strong></span> <span class='ocrx_word' id='word_1_343' title='bbox 508 2581 834 2620; x_wconf 85' lang='lat' dir='ltr'><strong>commoventur</strong></span> <span class='ocrx_word' id='word_1_344' title='bbox 855 2591 1051 2621; x_wconf 87' lang='lat' dir='ltr'><strong>maerore</strong></span> <span class='ocrx_word' id='word_1_345' title='bbox 1073 2580 1122 2619; x_wconf 80' lang='lat' dir='ltr'><strong>ut</strong></span> <span class='ocrx_word' id='word_1_346' title='bbox 1148 2577 1334 2621; x_wconf 88' lang='lat' dir='ltr'><strong>invicem</strong></span> <span class='ocrx_word' id='word_1_347' title='bbox 1355 2592 1574 2633; x_wconf 86' lang='lat' dir='ltr'><strong>perpauca</strong></span> <span class='ocrx_word' id='word_1_348' title='bbox 1593 2581 1766 2621; x_wconf 87' lang='lat' dir='ltr'><strong>tantum</strong></span> 
     </span>
     <span class='ocr_line' id='line_1_42' title="bbox 190 2636 1766 2694; baseline 0.001 -14"><span class='ocrx_word' id='word_1_349' title='bbox 190 2637 324 2680; x_wconf 86' lang='lat' dir='ltr'><strong>verba</strong></span> <span class='ocrx_word' id='word_1_350' title='bbox 354 2636 585 2680; x_wconf 84' lang='lat' dir='ltr'><strong>effundant</strong></span> <span class='ocrx_word' id='word_1_351' title='bbox 610 2637 880 2692; x_wconf 84' lang='lat' dir='ltr'><strong>plangentes.</strong></span> <span class='ocrx_word' id='word_1_352' title='bbox 943 2637 1056 2681; x_wconf 88' lang='lat' dir='ltr'><strong>Huic</strong></span> <span class='ocrx_word' id='word_1_353' title='bbox 1086 2636 1225 2680; x_wconf 90' lang='lat' dir='ltr'><strong>luctui</strong></span> <span class='ocrx_word' id='word_1_354' title='bbox 1262 2640 1331 2680; x_wconf 91' lang='lat' dir='ltr'><strong>est</strong></span> <span class='ocrx_word' id='word_1_355' title='bbox 1359 2637 1604 2681; x_wconf 89' lang='lat' dir='ltr'><strong>simillimus</strong></span> <span class='ocrx_word' id='word_1_356' title='bbox 1636 2653 1766 2694; x_wconf 90' lang='lat' dir='ltr'><strong>quem</strong></span> 
     </span>
     <span class='ocr_line' id='line_1_43' title="bbox 189 2696 1764 2753; baseline 0.001 -13"><span class='ocrx_word' id='word_1_357' title='bbox 189 2697 344 2741; x_wconf 89' lang='lat' dir='ltr'><strong>tribuit</strong></span> <span class='ocrx_word' id='word_1_358' title='bbox 373 2700 507 2753; x_wconf 88' lang='lat' dir='ltr'><strong>poeta</strong></span> <span class='ocrx_word' id='word_1_359' title='bbox 535 2701 684 2741; x_wconf 85' lang='lat' dir='ltr'><strong>nostra</strong></span> <span class='ocrx_word' id='word_1_360' title='bbox 712 2698 759 2740; x_wconf 90' lang='lat' dir='ltr'><strong>in</strong></span> <span class='ocrx_word' id='word_1_361' title='bbox 789 2696 1202 2752; x_wconf 80' lang='lat' dir='ltr'><strong>fabulaAntigonae</strong></span> <span class='ocrx_word' id='word_1_362' title='bbox 1234 2701 1279 2740; x_wconf 90' lang='lat' dir='ltr'><strong>et</strong></span> <span class='ocrx_word' id='word_1_363' title='bbox 1300 2696 1499 2741; x_wconf 80' lang='lat' dir='ltr'><strong>Ismenae</strong></span> <span class='ocrx_word' id='word_1_364' title='bbox 1532 2698 1764 2742; x_wconf 81' lang='lat' dir='ltr'><strong>sororibus,</strong></span> 
     </span>
     <span class='ocr_line' id='line_1_44' title="bbox 189 2755 1764 2814; baseline 0.001 -14"><span class='ocrx_word' id='word_1_365' title='bbox 189 2755 302 2801; x_wconf 87' lang='lat' dir='ltr'><strong>Nam</strong></span> <span class='ocrx_word' id='word_1_366' title='bbox 347 2757 551 2814; x_wconf 89' lang='lat' dir='ltr'><strong>equidem</strong></span> <span class='ocrx_word' id='word_1_367' title='bbox 594 2771 682 2801; x_wconf 92' lang='lat' dir='ltr'><strong>non</strong></span> <span class='ocrx_word' id='word_1_368' title='bbox 726 2757 855 2801; x_wconf 91' lang='lat' dir='ltr'><strong>video</strong></span> <span class='ocrx_word' id='word_1_369' title='bbox 886 2771 973 2814; x_wconf 93' lang='lat' dir='ltr'><strong>quo</strong></span> <span class='ocrx_word' id='word_1_370' title='bbox 1015 2758 1113 2814; x_wconf 89' lang='lat' dir='ltr'><strong>jure</strong></span> <span class='ocrx_word' id='word_1_371' title='bbox 1143 2757 1359 2813; x_wconf 87' lang='lat' dir='ltr'><strong>Bergkius</strong></span> <span class='ocrx_word' id='word_1_372' title='bbox 1405 2758 1519 2800; x_wconf 90' lang='lat' dir='ltr'><strong>hunc</strong></span> <span class='ocrx_word' id='word_1_373' title='bbox 1566 2761 1764 2801; x_wconf 87' lang='lat' dir='ltr'><strong>mutuum</strong></span> 
     </span>
     <span class='ocr_line' id='line_1_45' title="bbox 190 2818 1765 2874; baseline 0.001 -14"><span class='ocrx_word' id='word_1_374' title='bbox 190 2831 387 2861; x_wconf 85' lang='lat' dir='ltr'><strong>sororum</strong></span> <span class='ocrx_word' id='word_1_375' title='bbox 432 2818 657 2874; x_wconf 87' lang='lat' dir='ltr'><strong>planctum</strong></span> <span class='ocrx_word' id='word_1_376' title='bbox 693 2832 782 2865; x_wconf 88' lang='lat' dir='ltr'><strong>una</strong></span> <span class='ocrx_word' id='word_1_377' title='bbox 828 2833 926 2862; x_wconf 88' lang='lat' dir='ltr'><strong>cum</strong></span> <span class='ocrx_word' id='word_1_378' title='bbox 958 2832 1087 2862; x_wconf 89' lang='lat' dir='ltr'><strong>scena</strong></span> <span class='ocrx_word' id='word_1_379' title='bbox 1132 2818 1417 2874; x_wconf 89' lang='lat' dir='ltr'><strong>subsequenti</strong></span> <span class='ocrx_word' id='word_1_380' title='bbox 1454 2819 1673 2861; x_wconf 89' lang='lat' dir='ltr'><strong>censuerit</strong></span> <span class='ocrx_word' id='word_1_381' title='bbox 1710 2819 1765 2861; x_wconf 90' lang='lat' dir='ltr'><strong>ab</strong></span> 
     </span>
     <span class='ocr_line' id='line_1_46' title="bbox 189 2876 1767 2935; baseline -0.002 -11"><span class='ocrx_word' id='word_1_382' title='bbox 189 2877 405 2934; x_wconf 83' lang='lat' dir='ltr'><strong>Aeschylo</strong></span> <span class='ocrx_word' id='word_1_383' title='bbox 437 2892 527 2921; x_wconf 89' lang='lat' dir='ltr'><strong>esse</strong></span> <span class='ocrx_word' id='word_1_384' title='bbox 566 2878 922 2935; x_wconf 87' lang='lat' dir='ltr'><strong>abjudicandum:</strong></span> <span class='ocrx_word' id='word_1_385' title='bbox 959 2876 1121 2922; x_wconf 89' lang='lat' dir='ltr'><strong>errabit</strong></span> <span class='ocrx_word' id='word_1_386' title='bbox 1153 2879 1268 2922; x_wconf 88' lang='lat' dir='ltr'><strong>enim</strong></span> <span class='ocrx_word' id='word_1_387' title='bbox 1314 2879 1351 2921; x_wconf 90' lang='lat' dir='ltr'><strong>si</strong></span> <span class='ocrx_word' id='word_1_388' title='bbox 1383 2879 1478 2934; x_wconf 90' lang='lat' dir='ltr'><strong>quis</strong></span> <span class='ocrx_word' id='word_1_389' title='bbox 1518 2879 1767 2933; x_wconf 86' lang='lat' dir='ltr'><strong>opinabitur</strong></span> 
     </span>
    </p>
   </div>
  </div>
 </body>
</html>
