2003 3216
871 78 1166 121 ...55-

232 212 425 269 syllabae
472 210 630 265 longae
677 209 938 252 solutionem
982 208 1115 252 habet
1159 208 1351 251 indolem
1385 209 1498 252 satis
1534 214 1807 253 commotam.

230 271 458 317 Proximus
510 273 659 314 autem
690 283 842 313 versus
892 265 1026 310 »ἵκετο
1064 266 1271 326 τερμόνων
1309 266 1375 310 ἐπὶ
1412 267 1566 324 πάγοναε
1623 268 1810 313 efficitur

230 332 412 389 pedibus
433 330 631 373 dochmio
653 334 698 372 et
718 330 896 373 cretico:
926 343 1117 385 namque
1144 329 1279 374 verba
1306 330 1472 373 tradita
1499 330 1606 373 mihi
1633 330 1808 387 quidem

233 391 439 436 videntur
498 404 593 434 esse
645 388 894 441 retinenda3
946 388 1199 433 Dindorfius
1245 389 1362 433 enim
1406 386 1514 430 ἵκετο
1559 390 1711 443 verbo,
1760 395 1810 434 ut

230 452 482 495 restitueret
500 448 1012 502 trimetrum'iambicum,
1034 449 1285 506 praeposito
1301 450 1554 506 pronomine
1577 448 1636 495 τίς
1651 455 1809 507 poetae

229 509 455 555 consilium
499 510 704 554 turbasse
748 509 934 553 videtur.
1018 508 1303 553 Prometheus
1355 523 1576 567 quaenam
1622 524 1809 567 persona

229 571 397 614 venerit
430 571 525 625 jam
554 570 791 612 iniuriosus
823 569 957 623 (hanc
987 584 1080 613 rem
1109 570 1258 624 tetigit
1289 567 1455 627 antea),
1502 585 1619 614 nunc
1663 570 1808 627 pergit

230 631 500 685 interrogare
547 632 694 672 utrum
740 643 841 672 suos
888 628 1058 673 dolores
1104 629 1254 673 visura
1298 630 1467 673 venerit
1510 629 1588 672 ina
1627 644 1685 672 an
1720 630 1806 672 alio

230 689 423 747 quodam
468 689 648 732 consilio
694 689 840 733 ducta.
919 688 1122 734 Ceterum
1167 690 1337 733 monuit
1373 689 1555 733 Weilius
1601 705 1806 734 numeros

226 764 362 794 novos
383 749 628 805 significare
650 764 789 793 novae
809 750 876 793 rei
892 749 1237 795 admirationem.
1281 749 1383 794 Jam
1404 750 1546 794 denuo
1562 755 1808 807 sequuntur

226 810 415 853 trimetri
466 810 654 862 iambici.
739 810 896 867 Itaque
940 810 1143 854 versiculi
1187 810 1252 854 illi
1290 810 1376 854 duo
1423 808 1510 868 (vv.
1552 811 1651 854 115.
1700 808 1806 869 117)

228 885 315 913 11011
346 884 427 927 per
458 884 505 914 se
537 869 706 914 faciunt
750 870 910 914 cantici
955 874 1146 928 partem:
1196 874 1299 914 sunt
1327 875 1378 914 ut
1415 870 1652 927 proderent
1688 885 1805 915 com-

227 931 455 973 motiorem
492 930 741 974 Promethei
788 931 999 984 animum,
1046 932 1256 974 trimetris
1302 931 1500 974 iambicis
1544 931 1804 987 interpositi.

229 990 315 1035 Sed
361 991 587 1047 quaeritur
633 1005 824 1048 quonam
859 991 955 1035 iure
996 991 1062 1035 vir
1099 992 1251 1035 doctus
1299 991 1456 1036 dixerit
1492 1006 1560 1035 vv.
1595 992 1800 1036 88-127

225 1051 485 1094 monodiam.
548 1051 721 1107 Optime
759 1051 853 1108 ipse
884 1051 931 1094 111
951 1051 1121 1107 Proleg.
1154 1066 1226 1108 pp.
1257 1051 1493 1095 198--199
1524 1056 1801 1107 anapaestos,

226 1111 356 1155 choro
387 1111 433 1154 in
465 1111 731 1156 orchestram
769 1111 1025 1169 procedenti
1069 1112 1203 1155 tribui
1249 1111 1417 1165 solitOS‚
1467 1116 1668 1155 cantatos
1706 1126 1804 1156 esse

227 1171 407 1227 negavit
437 1172 516 1215 sed
562 1173 781 1216 recitatos.
859 1173 982 1216 Idem
1011 1173 1118 1215 mihi
1149 1172 1327 1229 quidem
1363 1172 1410 1215 111
1446 1172 1526 1215 1108
1556 1172 1804 1218 Promethei

228 1246 379 1274 versus
410 1233 566 1276 cadere
598 1232 782 1275 videtur.
845 1231 958 1275 Nam
987 1233 1174 1290 primum
1217 1246 1366 1277 omnes
1397 1231 1489 1276 fere
1520 1247 1673 1276 versus
1703 1238 1804 1277 sunt

224 1292 411 1335 trimetri
447 1293 623 1335 iambici
655 1297 732 1335 aut
769 1294 1005 1348 anapaesti·
1036 1307 1165 1349 quos,
1207 1293 1415 1349 quoniam
1450 1293 1644 1349 proxime
1675 1308 1804 1348 prae-

226 1351 387 1394 cedunt
417 1352 537 1407 prius
570 1352 689 1395 chori
720 1352 949 1404 canticum,
981 1352 1268 1396 Prometheus
1298 1352 1489 1395 recitans
1520 1352 1650 1408 quasi
1680 1351 1803 1408 fungi

226 1411 398 1452 videtur
443 1411 536 1453 vice
576 1411 695 1454 chori
739 1412 815 1465 qui
866 1412 1027 1466 primos
1075 1415 1340 1467 anapaestos
1387 1411 1556 1455 solebat
1601 1413 1803 1456 recitare.

223 1465 390 1497 Deinde
438 1467 638 1507 equidem
683 1467 826 1500 facere
873 1480 960 1501 non
1004 1481 1183 1512 possum
1229 1470 1334 1512 quin
1380 1471 1576 1505 insaniae
1622 1484 1803 1515 arguam

225 1513 412 1580 poetam,
444 1512 481 1563 Si
512 1512 609 1579 qUiS
641 1513 749 1562 adeo
780 1515 1006 1560 recesserit
1026 1515 1082 1558 ab
1110 1515 1308 1557 omnibus
1338 1519 1522 1554 naturae
1553 1517 1722 1570 legibus
1753 1522 1804 1554 ut

222 1584 440 1624 hominem
476 1589 651 1636 pectore
698 1584 845 1627 cuneis
885 1583 1235 1628 transverberato
1272 1580 1373 1640 rupi
1409 1577 1588 1628 affixum
1638 1575 1803 1629 faceret

225 1641 474 1674 cantantem
505 1652 655 1675 versus
687 1641 992 1687 quadraginta.
1054 1642 1168 1685 Quid
1203 1643 1381 1678 tandem
1417 1647 1564 1690 potest
1601 1644 1800 1687 inveniri,

223 1689 338 1731 quod
375 1692 471 1724 arte
509 1693 642 1734 atque
681 1691 856 1735 ingenio
903 1692 1059 1728 summi
1103 1692 1367 1738 tragicorum
1412 1693 1619 1741 principis
1666 1695 1803 1742 magis

223 1736 400 1820 [HgIIUIIl
431 1737 631 1806 Videatur
662 1751 793 1822 quam
822 1739 930 1789 haec
961 1739 1211 1783 Promethei
1241 1743 1399 1779 oratio!
1448 1743 1561 1779 Nam
1593 1754 1671 1778 suo
1702 1745 1798 1780 iure

223 1824 288 1856 his
317 1825 363 1857 in
401 1827 593 1877 versibus
630 1827 903 1861 admirantur
946 1827 1210 1873 interpretes
1246 1819 1470 1873 ingenium
1499 1800 1799 1876 Aeschyleum.

221 1868 367 1924 Atque
400 1871 619 1924 eqmdem‚
666 1875 717 1911 ut
747 1872 834 1910 alia
864 1874 1082 1921 omittam,
1129 1875 1212 1911 hoc
1240 1886 1376 1910 unum
1414 1878 1597 1912 monebo
1637 1882 1803 1922 quanta

223 1956 321 1988 eum
352 1933 448 1989 arte
479 1928 618 1989 forma
645 1929 825 1990 metrica
854 1929 940 2004 ipsi
970 1932 1227 2002 argumento
1258 1929 1315 1988 sit
1344 1928 1565 2002 adaptata.
1627 1927 1801 1981 Etenim

223 2017 277 2041 ne
308 2005 467 2042 iterum
489 2006 630 2043 dicam
652 2008 704 2044 de
735 2020 902 2044 summa
921 2021 1127 2045 versuum
1151 2006 1478 2046 bacchiacorum
1499 2007 1798 2055 commotione,

222 2060 303 2111 hac
331 2061 379 2112 in
411 2078 458 2113 re
489 2077 655 2113 summo
692 2060 874 2113 artificio
911 2064 1043 2127 poeta
1074 2063 1139 2112 est
1169 2074 1271 2111 usus
1301 2064 1353 2110 ut
1382 2061 1428 2109 in
1458 2076 1497 2108 v.
1535 2061 1617 2108 101
1651 2062 1801 2107 metris

223 2129 511 2178 anapaesticis
547 2129 768 2167 trimetros
798 2130 1003 2168 iambicos
1038 2130 1284 2181 subjiceret.
1361 2130 1535 2169 Etenim
1565 2133 1799 2181 postquam

222 2181 518 2241 Prometheus,
551 2186 601 2230 ut
632 2187 697 2231 est
727 2183 843 2231 solus
872 2185 919 2231 in
938 2184 1170 2231 solitudine
1191 2184 1381 2238 relictus,
1416 2197 1442 2227 a
1463 2185 1590 2227 sociis
1612 2185 1713 2237 suis,
1743 2186 1799 2227 ab

222 2262 323 2289 aere
344 2249 485 2289 ventis
516 2249 627 2289 mari
656 2248 796 2291 fluviis
821 2253 941 2291 terra
973 2248 1063 2291 sole
1098 2249 1227 2303 petiit
1255 2252 1306 2291 ut
1326 2248 1624 2303 conspicerent
1651 2246 1799 2303 qualia

219 2305 313 2363 ipse
335 2304 444 2351 deus
474 2308 701 2364 pateretur
721 2319 748 2350 a
769 2306 862 2361 diis,
896 2319 1065 2351 summa
1085 2319 1244 2350 novum
1264 2307 1310 2349 in
1329 2307 1553 2350 dominum
1572 2307 1640 2347 ira
1664 2310 1798 2361 atque

219 2383 385 2410 summo
430 2368 576 2411 dolore
608 2368 823 2424 abripitur
868 2373 1134 2424 questusque
1181 2368 1353 2423 quaerit
1399 2368 1573 2424 quando
1619 2366 1798 2412 tandem

193 2426 336 2470 *mala
380 2427 513 2471 finem
558 2427 644 2471 sint
688 2427 904 2472 habitura.
981 2428 1007 2472 J
1010 2442 1081 2472 am
1117 2431 1350 2484 postquam
1395 2427 1588 2470 vaticinii
1625 2428 1693 2469 sui
1731 2431 1799 2470 est

219 2486 482 2541 recordatus,
517 2489 660 2533 animo
682 2488 834 2533 sedato
856 2493 989 2546 atque
1011 2488 1270 2546 quibusnam
1291 2488 1423 2533 armis
1454 2487 1797 2532 inimicissimum

217 2549 303 2592 sibi
356 2548 568 2607 subjicere
628 2550 763 2606 possit
824 2564 971 2593 secum
1016 2550 1194 2593 volvens
1245 2550 1385 2593 utitur
1435 2548 1798 2604 subsequentibus

218 2610 427 2654 trimetris
458 2610 663 2654 iambicis.

337 2670 463 2715 Nunc
513 2674 579 2714 est
629 2670 860 2715 dicendum
912 2671 965 2714 de
1016 2671 1299 2727 sequentibus
1351 2670 1469 2714 chori
1520 2669 1793 2713 carminibus.

218 2730 412 2775 Primum
440 2731 736 2789 Westphalius
772 2732 927 2789 prioris
965 2732 1203 2775 carminum
1239 2731 1357 2789 paris
1396 2745 1599 2774 numeros
1630 2730 1795 2774 iambo-

219 2790 529 2836 choriambicos
561 2793 616 2836 ab
647 2792 848 2848 Aeschyli
878 2795 973 2835 arte
1004 2792 1240 2836 abhorrere
1277 2791 1502 2849 judicavit.
1579 2790 1796 2846 Equidem

219 2853 406 2897 concedo
445 2866 595 2897 versus
626 2853 688 2896 sic
725 2866 850 2910 posse
890 2852 1091 2897 distribui
1120 2856 1172 2896 ut
1201 2852 1311 2896 fiant
1354 2850 1794 2902 iambochoriambici3
