2003 3216
855 115 1149 160 ——147—

214 244 396 291 vinculo.
459 245 572 291 Huic
610 250 864 317 argumento
902 245 1211 305 opponendum
1248 259 1343 289 3333
1381 248 1489 304 puto
1520 221 1707 290 discerni
1737 260 1791 290 ex

214 309 370 363 poetae
408 307 586 350 consilio
621 309 770 363 priora
803 307 1000 354 membra
1036 306 1262 363 particulis
1299 320 1494 349 connexa
1531 321 1559 348 a
1596 306 1791 350 membro

215 364 501 423 subsequenti
551 323 734 425 »ἐχθρὸς
776 364 966 425 ἐχθρῷι,
1029 364 1155 422 quod
1192 366 1336 423 ipsum
1382 366 1441 409 sit
1486 366 1648 414 arctius
1690 366 1792 423 jun-

215 426 406 481 gendum
435 441 532 470 cum
561 427 696 471 verbo
727 425 1044 495 stum-omae«.
1107 425 1280 470 Etenim
1311 440 1390 470 rex
1419 429 1489 469 est
1519 425 1792 469 demonstra-

213 490 338 530 turus
369 486 586 530 neminem
607 500 703 530 sese
723 486 819 543 ipso
840 486 988 543 aptius
1013 487 1309 543 pugnaturum
1332 499 1428 528 esse
1450 499 1547 528 cum
1567 485 1792 555 Polynice;
1826 498 1831 500 ·

213 546 384 589 hostem
414 550 563 590 autem
593 561 691 590 cum
721 546 848 589 hoste
878 560 1074 601 pugnare
1104 546 1169 588 ita
1198 561 1278 602 per
1308 560 1355 589 se
1376 545 1636 601 intelligitur
1666 549 1717 590 ut
1745 547 1792 590 in

214 601 469 650 vocabulis
492 602 677 665 »ἐχθρὸς
719 602 892 663 ἐχθρῷ(
957 618 1089 649 causa
1134 605 1364 677 ejusmodi
1399 606 1542 649 inesse
1588 609 1791 662 nequeat.

215 666 266 708 In
301 680 430 709 versu
466 668 613 722 potius
652 664 931 708 antecedenti
985 663 1183 722 »ἄρχοντί
1221 666 1258 707 τ’
1259 662 1404 723 ἄρχων
1450 681 1518 707 και
1562 664 1793 724 κασιγνήτῳ

216 723 330 771 κάσις
333 741 352 764 ‹
388 729 490 769 sunt
521 738 677 769 causae
711 738 789 768 cur
808 737 886 767 rex
907 737 1004 768 cum
1025 724 1228 781 Polynice
1248 725 1355 768 velit
1375 738 1529 768 manus
1550 739 1791 769 conserere.

216 785 414 841 Namque
465 787 645 829 exarsit
673 784 839 828 bellum
885 799 938 828 ea
984 784 1038 828 de
1085 799 1218 829 causa
1254 785 1372 841 quod
1408 785 1567 829 fratres
1597 787 1716 830 inter
1745 800 1792 829 se

216 844 489 888 dissidebant
520 845 574 888 de
604 844 907 888 Thebanorum
936 845 1201 902 principatu·
1244 846 1394 901 itaque
1426 859 1505 888 suo
1530 846 1630 901 jure
1660 849 1794 901 negat

216 905 413 957 Eteocles
445 919 708 974 quemquam
739 918 834 949 sese
865 905 1011 962 aptius
1043 908 1310 949 certaturum
1339 919 1434 949 esse
1455 920 1553 949 cum
1572 905 1789 963 Polynice,

216 966 333 1020 quod
379 965 441 1008 sic
485 965 703 1033 principes
750 964 878 1007 simul
925 969 970 1007 et
1014 965 1174 1008 fratres
1220 979 1374 1008 manus
1413 967 1501 1008 sint
1538 967 1792 1009 conserturi.

216 1025 343 1068 Hunc
373 1039 549 1069 sensum
580 1025 618 1068 si
647 1025 825 1069 versui
812 1023 1010 1069 subesse
1048 1027 1303 1078 statuemm,
1344 1028 1389 1068 et
1418 1024 1557 1069 forma
1588 1028 1632 1070 et
1662 1038 1792 1081 argu-

215 1089 410 1129 mentum
439 1085 645 1130 videntur
674 1085 912 1141 aptissima.

197 1161 199 1164 ·
240 1182 244 1185 .
334 1145 460 1188 Nunc
507 1147 575 1188 est
621 1144 934 1202 disputandum
978 1144 1033 1188 (13
1078 1145 1198 1188 exitu
1242 1144 1358 1199 illius
1403 1145 1610 1191 orationis
1663 1159 1794 1201 quam

214 1205 349 1248 habet
379 1220 456 1249 rex
487 1204 542 1248 de
574 1204 811 1262 Hyperbio.
866 1205 1059 1248 Primum
1090 1220 1217 1248 nemo
1248 1204 1429 1260 negabit
1449 1204 1675 1248 turbatum
1696 1202 1793 1250 3333

215 1280 418 1309 versuum
449 1265 647 1308 ordinem
679 1279 808 1339 quem
830 1265 902 1307 sic·
912 1264 1124 1308 traditum
1142 1264 1361 1320 legimus
1350 1279 1395 1307 111
1414 1263 1529 1308 libro
1548 1264 1791 1309 Medicaeo:

501 1324 524 1366 ὃ
550 1324 627 1382 μὲν
658 1325 737 1383 γὰρ
768 1340 923 1399 πυρπν(
925 1341 971 1368 ον
1011 1324 1166 1383 Τυφῶν’
1198 1322 1283 1399 ἔχει
1538 1327 1643 1370 494.

431 1383 480 1427 Υ
471 1384 628 1442 περβιῳ
660 1385 707 1427 δὲ
740 1384 847 1434 Ζεὺς
874 1385 1006 1443 πατὴρ
1038 1385 1102 1427 ἐπ’
1132 1385 1302 1434 ἀσπιδος

429 1444 622 1495 σταδαῖος
649 1444 767 1505 ἧσται
796 1444 862 1488 διὰ
886 1444 1019 1505 χερὸς
1041 1444 1096 1501 βε
1085 1444 1166 1495 ’λος
1192 1444 1367 1503 φλέγων,

429 1503 566 1546 κοῦπω
597 1518 652 1552 τις
678 1504 764 1546 εἶδε
795 1505 914 1578 Ζῆνά
942 1520 1018 1546 που
1050 1506 1272 1561 νικώμενον.

428 1562 564 1607 τοιάδε
588 1563 725 1622 μέντοι
755 1562 995 1623 προσφίλεια
1026 1563 1228 1623 δαιμόνων

429 1624 533 1681 πρὸς
559 1627 639 1666 τῶν
669 1624 922 1681 κρατούντων
953 1624 1088 1681 ἐσμέν,
1121 1625 1161 1666 οἳ
1189 1625 1226 1666 δ’
1247 1624 1508 1683 ἡσσωμένων,

430 1685 467 1728 εἷ
498 1682 605 1735 Ζεύς
631 1699 677 1740 γε
718 1683 839 1743 Τυφῶ
869 1684 1175 1744 καρτερώτερος
1194 1684 1311 1745 μάχῃ
1545 1686 1601 1730 50
1636 1718 1645 1728 .

430 1743 627 1802 Υπερβὶῳ
658 1760 701 1787 τε
733 1746 835 1802 πρὸς
861 1745 978 1800 λόγον
1009 1748 1078 1788 τοῦ
1109 1746 1286 1804 σήματος

433 1803 538 1854 εἷκὸς
565 1804 613 1847 δὲ
644 1804 809 1863 πράξειν
840 1803 996 1863 ἄνδρας
1022 1804 1099 1847 ὧδ’
1130 1805 1363 1854 ἀναστάτας

432 1864 569 1923 σωτὴρ
601 1864 738 1920 γένοιτ’
770 1864 820 1909 ἂν
851 1864 958 1916 Ζεὺς
985 1864 1049 1909 ἐπ’
1079 1864 1248 1935 ἀσπίδος
1274 1865 1418 1925 τυχών.

215 1925 414 1980 Namque
446 1942 485 1969 v.
520 1927 607 1969 502
642 1940 721 1968 suo
751 1925 846 1969 loco
877 1940 965 1969 non
995 1931 1112 1969 stare
1135 1927 1276 1981 quivis
1297 1926 1521 1980 intelligit·
1555 1927 1797 1970 arctissime

217 1986 334 2028 enim
390 1985 623 2029 cohaerent
675 2001 742 2029 vv.
791 1986 876 2029 501
926 1989 972 2029 et
1017 1986 1124 2037 5033
1177 1985 1256 2029 sed
1307 1986 1534 2041 quaeritur
1578 1986 1695 2029 unde
1742 1986 1799 2029 sit

215 2046 523 2101 transpositus.
556 2044 779 2087 Librarius
797 2045 974 2100 quidam
991 2059 1103 2089 saec.
1120 2045 1236 2089 XIV.
1258 2046 1460 2102 ascripsit
1467 2053 1543 2089 w.
1561 2047 1797 2089 500—503

215 2104 390 2148 litteras
420 2103 463 2159 β.
495 2118 532 2159 γ.
565 2119 604 2145 α.
637 2103 673 2155 δ,
714 2108 763 2148 ut
783 2110 832 2149 ‘v.
867 2106 954 2148 502
996 2105 1296 2162 reponendum
1333 2105 1541 2148 suaderet
1576 2106 1693 2149 inter
1730 2121 1799 2149 vv.

1601 1388 1650 1910 wwr09wflew

130 2190 141 2225 .-
216 2166 305 2208 499
339 2168 384 2209 et
415 2167 524 2209 500:
573 2179 716 2221 neque
755 2169 902 2209 tamen
940 2165 1084 2208 dirimi
1120 2169 1305 2222 possunt
1338 2165 1385 2208 hi
1414 2179 1579 2209 versus·
1643 2166 1798 2221 Itaque

217 2228 458 2282 posuerunt
505 2224 622 2267 docti
667 2239 841 2268 versum
879 2224 1005 2277 illum
1039 2229 1140 2269 ante
1171 2226 1437 2282 proximum;
1483 2225 1562 2269 sed
1598 2225 1800 2283 displicet

219 2286 351 2328 etiam
380 2284 451 2328 hic
481 2284 621 2328 locus:
656 2285 818 2329 etenim
848 2285 890 2328 in
924 2301 994 2329 vv.
1024 2286 1110 2329 501
1145 2289 1191 2329 et
1220 2286 1308 2330 503
1341 2285 1396 2329 (13
1427 2284 1547 2329 1111110
1569 2289 1638 2330 est
1658 2299 1800 2330 sermo

217 2346 301 2388 nisi
333 2345 387 2388 de
420 2344 665 2402 Hyperbio;
694 2344 775 2389 sed
805 2346 851 2388 in
881 2361 921 2390 v.
946 2346 1033 2390 502
1066 2346 1212 2402 agitur
1242 2344 1297 2390 de
1317 2345 1516 2403 pluribus
1537 2345 1800 2390 adversariis

218 2409 352 2462 atque
384 2408 434 2448 ut
463 2405 683 2449 indicatur
710 2406 965 2463 pronomine
998 2403 1096 2456 ὧδε,
1130 2405 1284 2450 debuit
1305 2406 1360 2449 de
1381 2406 1537 2449 iisdem
1559 2406 1646 2449 dici
1667 2407 1801 2450 etiam

217 2468 263 2510 in
295 2465 678 2522 subsequentibus,
740 2465 893 2510 Laudo
929 2467 1066 2522 igitur
1099 2466 1356 2511 Kirchhoffii
1411 2467 1702 2525 conjecturam
1746 2481 1801 2511 ex

219 2540 307 2583 qua
343 2528 572 2584 reponitur
608 2540 760 2570 versus
796 2526 913 2570 inter
940 2542 1009 2571 vv.
1040 2527 1129 2570 498
1162 2530 1207 2570 et
1236 2528 1338 2570 499.
1401 2525 1537 2570 Ρο110
1569 2541 1623 2570 ex
1653 2527 1801 2570 Weilii

219 2589 468 2645 conjectura
496 2603 537 2631 v.
570 2587 655 2631 497
690 2590 759 2631 est
787 2586 1047 2631 inserendus
1077 2591 1179 2659 post
1207 2603 1248 2632 v.
1276 2589 1384 2632 500.
1420 2587 1581 2631 etenim
1611 2588 1801 2645 primum

218 2647 385 2691 indicat
405 2663 443 2690 v.
467 2647 562 2690 498
592 2646 758 2708 »τοιάδε
781 2645 923 2703 μέντοι
945 2645 1179 2705 προςφὶλεια
1200 2645 1427 2703 δαςαόνωνι
1453 2650 1585 2690 antea
1604 2647 1661 2691 de
1681 2648 1802 2691 nulla
1827 2683 1833 2687 .

218 2722 266 2751 13
298 2707 432 2751 fuisse
464 2720 693 2751 sermonen
728 2705 821 2750 11131
869 2706 925 2751 (13
956 2706 1138 2751 (130111111
1168 2707 1415 2759 inimicitia,
1461 2706 1619 2751 deinde
1649 2712 1801 2765 aperte

219 2768 414 2812 ostendit
449 2781 507 2811 v.
522 2768 610 2811 500
653 2766 718 2808 »εἷ
753 2765 861 2813 Ζεύς
895 2781 942 2821 γε
981 2766 1102 2824 Τυφῶ
1142 2767 1456 2825 καρτερώτερος
1483 2766 1627 2825 μάχῃ(
1669 2772 1802 2812 antea

219 2843 307 2872 non
337 2828 533 2886 potuisse
565 2827 651 2871 (1101
679 2827 705 2871 J
709 2842 833 2872 ovem
863 2828 1091 2880 invictum3
1122 2829 1253 2872 11111110
1284 2832 1334 2871 ut
1365 2828 1582 2872 enuntiati
1602 2828 1666 2872 vis
1699 2843 1799 2872 con-

220 2888 442 2933 ditionalis
473 2887 714 2945 frangatur,
754 2892 855 2946 post
883 2888 999 2933 hunc
1028 2903 1205 2933 versum
1234 2888 1453 2950 ponenda
1485 2892 1588 2932 sunt
1634 2887 1801 2930 «κοῦπω

1468 2971 1491 3007 2
