2003 3216
516 100 685 143 ..··-e
892 120 949 129 --
1014 76 1070 139 18
1132 121 1188 129 -

249 239 309 275 τις
335 223 419 267 εἶδε
451 225 572 286 Ζηνά
601 239 670 268 του
708 225 808 283 (hoc
845 239 900 270 ex
936 225 1131 270 Elmsleii
1168 226 1418 284 conjectura
1452 225 1546 269 1080
1579 223 1673 283 που)
1715 223 1811 267 νικώ

241 301 412 342 μενονα.
473 287 573 331 Jam
594 286 819 331 videamus
840 287 954 330 sitne
975 298 1180 331 versuum
1201 287 1281 331 tali
1300 288 1346 330 in
1367 287 1520 330 ordine
1541 287 1829 343 repositorum

247 347 468 390 sententia
513 345 659 403 Aechy
660 345 693 388 li
737 346 913 401 ingenio
959 346 1154 403 indigna.
1231 346 1426 390 Primum
1471 344 1616 391 verbis
1667 343 1830 388 »τοιάδε

242 404 385 463 μέντοι
416 405 653 464 προςφίλεια
674 404 901 463 ὃαιμόνωνι
938 407 1132 451 narratio
1155 406 1210 451 de
1232 407 1413 452 deorum
1433 407 1659 451 inimicitia
1677 406 1829 450 finitur

246 467 490 536 aptissime·
532 469 628 510 erat
665 462 1055 510 demonstrandum
1093 466 1366 511 adversarios
1396 466 1558 511 habere
1588 468 1634 510 in
1665 466 1828 524 clypeis

246 527 372 582 signa
402 526 585 570 deorum
615 526 732 570 inter
770 540 816 570 se
853 526 1260 571 11111111818811110111111.
1325 526 1529 571 Ceterum
1562 524 1697 569 τοιάδε
1727 541 1827 585 pro-

244 596 402 630 nomen
450 590 500 631 81
542 585 777 644 προςφῖλεια
823 587 1096 630 80111111οᾶ11111
1143 601 1319 630 8811811111
1364 587 1591 644 praebent.
1654 587 1827 631 Etenim

246 645 381 688 τοιάδε
425 646 618 704 positum
663 646 851 700 videtur,
900 646 1019 702 quod
1065 650 1168 690 sunt
1202 647 1248 689 in
1285 646 1633 691 adversariorum
1664 646 1827 705 clypeis

241 706 419 763 Typho
407 708 664 763 1gnivomuS‚
697 706 872 763 Jupiter
901 706 1156 750 fulminans:
1196 707 1445 762 cogitantur
1474 708 1611 763 igitur
1640 708 1725 764 ipsi
1756 704 1828 750 dei

241 767 358 809 inter
388 780 435 810 se
466 770 734 824 pugnantem
768 764 1004 823 προςφίλεια
1025 770 1186 819 81118111,
1219 766 1380 810 ironice
1402 766 1580 819 dictum,
1613 766 1714 810 111118
1733 767 1826 810 1080

243 829 312 869 881
342 827 629 883 aptissimum,
669 825 747 869 ubi
778 827 1048 882 significatur
1079 830 1245 882 quanta
1281 826 1339 869 sit
1370 825 1549 870 deorum
1581 826 1824 870 inimicitia:

241 899 430 942 namque
461 900 531 929 me
563 900 651 929 non
682 886 927 942 intelligere
958 886 1096 930 libere
1128 887 1338 929 confiteor
1366 886 1582 941 quomodo
1615 886 1744 939 docti,
1777 890 1827 930 ut

241 960 416 990 versum
451 945 735 990 'ascriberent
779 947 1096 1005 interpolatori,
1145 946 1269 990 abuti
1299 947 1524 1004 potuerint
1559 946 1634 989 illo
1666 960 1825 1001 genere

242 1006 427 1061 dicendi,
462 1007 592 1064 quasi.
618 1007 663 1050 in
695 1011 960 1052 usuaessent
979 1006 1366 1067 interpolatoribus
1389 1007 1603 1064 ejusmodi
1624 1006 1825 1051 dictionis

240 1069 438 1112 artificia.
491 1068 728 1112 Praeterea
754 1068 938 1111 Weilius
969 1069 1138 1112 monuit
1169 1068 1386 1125 particula
1404 1067 1543 1125 μέντοι
1563 1082 1675 1124 quae
1696 1082 1824 1125 prae-

240 1128 447 1172 cederent
493 1129 555 1171 sic
600 1128 848 1172 confirmari
893 1132 944 1171 ut
981 1129 1192 1172 transitus
1230 1131 1463 1185 pararetur
1493 1128 1551 1171 ad
1581 1129 1822 1184 sequentia.

239 1188 291 1231 In
328 1188 699 1244 subsequentibus
736 1203 866 1245 porro
904 1189 1066 1245 optime
1097 1189 1285 1245 primum
1316 1189 1462 1243 agitur
1498 1189 1544 1230 in
1574 1189 1824 1232 universum

239 1248 294 1291 de
341 1248 604 1291 adversariis
650 1247 932 1304 Thebanique
970 1248 1174 1291 dicuntur
1209 1248 1415 1298 victores;
1463 1247 1620 1292 deinde
1652 1248 1825 1305 Jupiter

239 1322 366 1351 suum
403 1305 678 1366 Hyperbium
717 1313 969 1352 servaturus
1009 1323 1104 1352 esse
1138 1308 1418 1364 significatur.
1481 1307 1589 1351 Tum
1619 1308 1823 1364 virgines,

238 1382 351 1423 quae
384 1368 527 1411 solent
558 1368 741 1422 singulis
772 1370 888 1424 regis
920 1367 1190 1412 orationibus
1213 1367 1375 1411 auditis
1408 1381 1435 1410 a
1465 1368 1549 1410 diis
1570 1369 1740 1424 precari
1771 1372 1823 1411 ut

237 1431 414 1472 servent
444 1429 585 1472 11111111
615 1427 880 1482 Thebanum,
912 1427 1171 1486 propulsent
1201 1426 1271 1472 vel
1300 1427 1566 1471 interficiant
1597 1427 1820 1484 Argivum,

236 1489 317 1531 hoc
346 1489 440 1531 loco
472 1493 605 1540 81818,
644 1490 691 1531 111
720 1489 860 1541 fallor,
901 1489 1184 1532 adnectentes
1224 1488 1281 1530 ad
1314 1492 1510 1531 extrema
1540 1489 1656 1543 regis
1688 1488 1823 1531 verba

236 1549 361 1592 aiunt
399 1562 495 1593 sese
534 1547 711 1593 credere
751 1546 959 1607 (πέποιθα)
1000 1564 1099 1593 811111
1137 1548 1212 1605 qui
1249 1549 1295 1592 in
1327 1547 1478 1606 clypeo
1509 1547 1672 1592 habeat
1701 1547 1821 1592 Jovis

236 1609 536 1652 adversarium
572 1613 675 1652 ante
709 1614 864 1665 portas
905 1624 1000 1652 esse
1032 1610 1290 1665 periturum.
1354 1608 1558 1650 Ceterum
1588 1609 1694 1650 mihi
1725 1610 1820 1663 qui-

236 1667 338 1712 dem
370 1669 645 1712 enuntiatum
675 1668 784 1712 illud
816 1667 1169 1712 conditionaliter
1188 1668 1379 1726 positum
1416 1665 1478 1709 »εἷ
1497 1664 1607 1713 Ζεύς
1626 1682 1671 1722 γε
1701 1666 1821 1725 Τυφῶ

235 1728 562 1799 καρτερώτερος
571 1728 739 1803 μάχῃι
798 1733 843 1772 81
895 1729 1013 1784 quod
1066 1728 1296 1784 subjicitur
1348 1728 1608 1772 affirmative
1656 1729 1821 1771 dictum

238 1785 406 1829 »κοῦπω
438 1802 497 1833 τις
523 1786 608 1829 εἶδε
639 1788 759 1847 Ζῆνά
790 1803 858 1829 του
880 1788 1123 1846 νικώμενονα
1158 1787 1517 1846 interpolatorem
1537 1787 1644 1830 nihil
1666 1802 1819 1845 sapere

233 1848 455 1892 videntur:
490 1849 528 1891 is
559 1849 647 1892 tale
671 1849 777 1904 quid
797 1850 1072 1905 ascripsisset
1097 1863 1250 1892 »nemo
1271 1862 1479 1904 umquam
1498 1848 1603 1891 vicit
1621 1848 1818 1891 Jovem«.

233 1908 388 1964 Itaque
420 1908 586 1951 nullam
616 1908 744 1952 video
783 1922 959 1951 causam
997 1923 1074 1952 cur
1111 1922 1163 1952 ea
1194 1908 1249 1951 ab
1282 1907 1496 1964 Aeschylo
1529 1908 1616 1950 sint
1647 1907 1818 1965 abjudi-

233 1969 386 2021 canda,
421 1970 619 2024 quamvis
650 1969 840 2012 libenter
872 1969 1106 2012 concedam
1137 1968 1269 2025 paulo
1300 1968 1434 2010 latius
1456 1982 1587 2023 quam
1616 1972 1818 2024 expecte-

231 2043 329 2071 mus
362 2042 458 2072 esse
491 2042 711 2086 expressa.
1656 2029 1660 2032 ’

293 2098 295 2100 “
352 2088 545 2131 Tandem
589 2090 711 2132 venit
757 2089 998 2145 disputatio
1053 2089 1109 2131 ad
1157 2089 1355 2144 quintam
1375 2089 1377 2091 ’
1400 2089 1516 2143 regis
1563 2088 1815 2140 orationem,

232 2162 345 2203 quae
378 2149 469 2192 exit
498 2148 577 2191 hos
609 2149 655 2192 in
687 2163 857 2193 versus:

552 2231 685 2275 ἐλθων
717 2233 744 2275 ὃ
746 2231 882 2275 ἔοικεν
913 2232 962 2274 ου’
994 2231 1255 2291 καπηλεύσειν
1279 2232 1431 2291 μάχνν,

544 2291 932 2402 ’ἱῗῳέἓνέἒῇῗὲἔῗι
960 2292 1051 2402 225³
1082 2291 1514 2395 {ffiffffljssfflm

543 2369 736 2470 μέῗςικος,
762 2410 891 2470 ’Ἀργει
921 2369 1119 2455 genium
1149 2411 1275 2462 καλὰς
1301 2368 1476 2470 2720pr

548 2472 713 2530 πύργοις
740 2472 896 2515 ἀπειλεῖ
922 2472 1045 2514 τοῖσδ’
1076 2471 1103 2513 ἃ
1128 2472 1188 2529 μὴ
1218 2471 1371 2529 κραίνοι
1402 2470 1510 2520 θεός.

229 2555 393 2600 Contra
438 2555 663 2601 Ritschelii
709 2556 985 2614 potissimum
1031 2556 1257 2609 rationem,
1307 2555 1382 2612 qui
1424 2554 1566 2599 tribus
1606 2555 1815 2599 extremis

195 2657 199 2659 .
227 2616 428 2660 versibus
461 2617 569 2660 alias
602 2617 729 2661 sedes
761 2618 928 2669 tribuit,
963 2617 1120 2659 statuit
1140 2616 1371 2659 Richterus
1398 2630 1552 2659 versus
1574 2619 1692 2658 stare
1726 2616 1815 2657 suis

227 2676 354 2729 locis,
405 2677 484 2720 sed
530 2677 731 2721 additum
779 2691 874 2721 esse
921 2677 977 2720 ab
1023 2676 1336 2733 interpolatore
1380 2674 1576 2734 »πύργοις-
1618 2673 1819 2716 δ’ἀπειλεῖ

229 2736 350 2781 vok&
388 2735 415 2776 ἃ
448 2738 508 2795 μὴ
544 2736 698 2793 κραίνοι
736 2735 887 2788 θεόςοες
924 2740 1057 2791 atque
1090 2737 1229 2779 suasit
1259 2736 1365 2778 talia
1395 2736 1486 2779 fere
1518 2735 1811 2778 restituenda:

1058 2806 1081 2849 ὃ
1114 2807 1161 2851 δὲ
1192 2806 1338 2850 τοιόσδ’
1369 2806 1474 2866 ἁνήρ

575 2867 769 2924 μέτοικος,
795 2865 923 2925 Ἄργει
954 2866 1128 2909 δ’ἐκτίνει
1158 2868 1283 2916 καλὰς
1311 2868 1476 2924 τροφάς.
