2003 3216
828 81 1124 124 —40-

179 212 343 268 scripta
359 225 451 255 esse
468 211 682 255 videatur.
723 211 809 255 Sed
825 215 876 255 ut
891 212 1028 268 ipsius
1044 212 1256 256 Kolischii
1271 227 1445 257 causam
1459 214 1769 268 examinemus,

181 272 341 326 virgini
371 286 459 315 non
493 287 544 314 ex
577 272 704 314 initio
742 276 808 315 est
843 287 1102 327 persuasum
1139 278 1282 316 vatem
1323 288 1414 316 esse
1445 273 1768 327 Prometheum,

181 330 259 374 sed
292 330 469 374 ducitur
505 330 621 374 hanc
650 331 697 374 in
729 331 977 387 opinionem
1009 346 1107 375 cum
1139 336 1184 376 et
1221 331 1361 389 patris
1394 336 1439 377 et
1470 347 1596 377 suum
1633 333 1770 390 ipsius

184 406 345 434 nomen
376 407 520 446 neque
553 392 698 435 minus
735 392 934 435 laborum
968 408 1164 436 errorum
1201 408 1356 436 causas
1387 394 1605 437 audiverit
1636 409 1688 437 ex
1721 409 1771 437 eo

181 464 312 507 quem
353 450 410 493 ad
447 450 494 493 id
536 454 708 507 tempus
753 465 995 508 numquam
1041 451 1177 496 oculis
1225 452 1420 496 vidisset.
1498 452 1653 509 Itaque
1692 467 1771 497 suo

178 512 277 568 jure
321 515 470 567 sperat
507 526 602 555 sese
635 512 690 555 ab
723 511 876 556 eodem
909 517 1227 569 comperturam
1263 528 1358 558 esse
1399 513 1529 557 etiam
1576 528 1772 558 errorum

180 571 314 613 finem
361 575 495 625 atque
546 572 686 614 morbi
732 571 988 615 remedium.
1060 573 1228 615 Deinde
1274 577 1509 628 postquam
1556 574 1630 615 ille
1676 574 1770 629 ejus

181 645 352 675 errores
404 630 625 687 praedixit
679 646 818 688 usque
876 630 981 675 dum
1035 647 1088 676 ex
1140 631 1316 690 Europa
1367 633 1412 676 in
1457 632 1604 678 Asiam
1658 637 1772 677 esset

180 695 465 746 perventura,
526 705 578 733 ea
639 695 761 733 metu
812 692 1103 747 periculorum
1157 693 1239 735 sibi
1289 694 1608 736 imminentium
1660 694 1771 736 adeo

181 754 479 795 commovetur
524 754 576 794 ut
620 752 731 795 mori
783 751 907 795 malit
954 766 1086 808 quam
1132 753 1268 797 tantis
1322 753 1472 797 vexari
1526 752 1771 805 doloribus;
1838 797 1842 800 ,

185 812 362 867 subjicit
393 815 540 854 autem
562 810 850 854 Prometheus
880 826 975 855 sese
1009 813 1213 868 quoniam
1241 814 1297 855 sit
1326 813 1599 865 immortalis,
1633 818 1772 856 mort-e

182 886 209 914 a
240 871 463 915 doloribus
500 885 589 914 non
627 886 757 927 posse
796 871 994 923 liberari3
1040 873 1174 916 immo
1213 886 1258 916 se
1298 873 1352 916 iri
1391 876 1596 917 vexatum
1636 872 1773 917 donec

180 932 356 986 Jupiter
386 931 481 987 ipse
520 946 704 986 regnum
742 932 929 975 amittat.
1008 933 1179 976 Deinde
1212 937 1310 988 post
1356 948 1516 989 paucas
1564 934 1687 976 alias'
1705 935 1771 976 in-

182 992 502 1048 terrogationes
541 995 586 1034 et
616 1005 827 1047 responsa
865 992 1087 1049 quaesitat
1127 993 1249 1049 virgo
1288 994 1489 1050 quisnam
1521 1007 1620 1036 eum
1651 994 1771 1049 prin-

183 1053 329 1108 cipatu
360 1052 417 1095 sit
447 1052 718 1109 privaturus:
755 1067 884 1109 quam
918 1053 975 1096 ad
1006 1053 1391 1109 interrogationem
1424 1054 1500 1098 ille
1537 1054 1773 1110 respondet

183 1127 282 1155 eum
330 1113 474 1168 ipsum
507 1112 590 1155 sibi
636 1116 894 1168 paraturum
934 1128 1029 1156 esse
1068 1115 1313 1166 interitum,
1363 1118 1496 1170 atque
1545 1116 1773 1170 quaerenti

183 1173 361 1228 exponit
393 1188 492 1216 eum
516 1187 611 1215 esse
632 1173 843 1216 initurum
872 1174 1047 1229 nuptias
1070 1174 1152 1217 sibi
1183 1174 1471 1229 perniciosas;
1502 1189 1633 1230 porro
1669 1175 1771 1218 Joni

184 1237 334 1275 utrum
394 1233 686 1276 immortalem
740 1232 953 1288 virginem
1006 1234 1062 1276 sit
1115 1234 1381 1276 deducturus
1433 1248 1490 1276 an
1541 1235 1772 1277 mortalem

184 1292 434 1348 exploranti
474 1292 625 1348 objicit
662 1292 786 1336 nefas
821 1308 913 1335 esse
946 1294 1115 1348 aperire
1164 1293 1386 1348 quodnam
1435 1293 1650 1348 significet
1679 1308 1771 1336 ma-

183 1351 459 1395 trimonium:
492 1351 573 1396 hoc
604 1355 753 1395 tamen
775 1352 900 1395 addit
931 1367 1018 1396 non
1048 1353 1185 1409 ipsam
1218 1368 1397 1397 uxorem
1419 1353 1497 1397 sed
1520 1353 1612 1409 ejus
1633 1353 1771 1397 filium

182 1415 356 1468 patrem
388 1426 524 1467 regno
557 1426 647 1455 esse
679 1412 967 1469 privaturum.
1031 1413 1157 1455 Nunc
1189 1413 1364 1455 demum
1396 1416 1701 1469 compererunt
1729 1417 1773 1456 et

183 1471 422 1516 Oceanides
463 1475 508 1515 et
547 1472 771 1517 auditores
818 1473 974 1517 secreti
1019 1473 1140 1516 illius
1187 1488 1403 1517 summum
1452 1477 1771 1529 argumentum.

183 1533 271 1576 Sed
292 1532 438 1588 pergit
459 1532 582 1588 virgo
612 1533 884 1588 interrogare
915 1534 1106 1589 possitne
1128 1534 1268 1576 averti
1298 1534 1552 1589 periculum,
1586 1537 1634 1576 et
1664 1549 1772 1577 non-

182 1593 307 1636 nulla
337 1592 628 1650 subjiciuntur
660 1593 818 1650 quibus
851 1594 958 1637 certi
987 1594 1142 1637 fiamus
1174 1593 1228 1637 de
1262 1592 1511 1637 Promethei
1543 1594 1771 1638 solutione.

184 1653 385 1708 Namque
432 1657 667 1709 postquam
698 1654 768 1696 hic
805 1654 1029 1710 respondit
1076 1654 1315 1710 periculum
1349 1654 1521 1696 irritum
1558 1655 1654 1697 fieri
1685 1669 1773 1697 non

182 1728 306 1770 posse
337 1713 420 1756 nisi
450 1713 544 1769 ipse
584 1712 767 1757 vinculis
800 1716 914 1757 esset
944 1714 1134 1766 solutus,
1170 1714 1390 1770 quaesitat
1421 1714 1543 1770 virgo
1572 1714 1773 1770 quisnam

184 1789 284 1815 eum
323 1773 382 1816 sit
413 1773 700 1824 liberaturus3
748 1774 1012 1816 vaticinatur
1059 1778 1206 1816 aut-em
1245 1773 1533 1816 Prometheus
1581 1790 1634 1816 ex
1682 1776 1774 1830 ejus
1827 1802 1833 1808 -

182 1832 318 1890 stirpe
351 1832 572 1890 quondam
601 1847 696 1877 esse
729 1833 945 1877 oriturum
977 1848 1102 1877 suum
1136 1832 1417 1877 liberatorem
1450 1848 1636 1890 eumque
1668 1834 1772 1877 satis

184 1894 365 1936 obscure
396 1894 612 1947 significat
642 1894 724 1936 hoc
754 1908 902 1936 versu:

475 1949 606 2011 τρίτος
633 1968 678 2009 γε
710 1951 852 2009 γένναν
884 1952 995 2011 πρὸσ
1023 1952 1104 1996 δέκ’
1137 1951 1312 1996 ἄλλαισιν
1343 1954 1487 2009 γοναῖς.

184 2013 354 2056 Deinde
393 2014 553 2068 virgini
585 2014 807 2056 oraculum
854 2014 1159 2069 inexplicabile
1193 2028 1284 2056 esse
1325 2013 1546 2070 objicienti
1578 2014 1774 2056 concedit

186 2074 407 2130 optionem
456 2073 648 2128 eligendi
694 2077 841 2116 utrum
889 2073 1041 2117 audire
1081 2074 1205 2116 malit
1252 2073 1450 2117 dolorum
1490 2088 1773 2129 errorumque

184 2134 459 2190 propriorum
514 2133 645 2177 finem
691 2148 746 2176 an
791 2148 919 2177 suum
962 2133 1099 2189 ipsius
1143 2133 1440 2178 liberatorem:
1489 2133 1601 2176 illud
1656 2133 1775 2177 chori

185 2194 274 2236 dux
321 2194 435 2250 petit
464 2193 590 2238 Jonis
638 2193 833 2245 nomine,
882 2194 963 2238 hoc
1001 2194 1083 2237 sibi
1120 2193 1225 2250 ipsa.
1303 2193 1588 2237 Prometheus
1625 2197 1771 2237 autem

185 2253 452 2297 vaticinatur
483 2254 664 2309 virginis
698 2269 868 2298 errores
899 2268 1039 2310 usque
1072 2254 1177 2297 dum
1204 2254 1250 2296 in
1272 2254 1473 2311 Aegypto
1504 2257 1686 2310 partura
1717 2255 1775 2297 sit

185 2313 417 2371 Epaphum
450 2329 477 2358 a
506 2313 615 2358 Jove
662 2315 757 2372 ipso
805 2318 1082 2371 conceptum;
1130 2313 1288 2359 deinde
1325 2318 1376 2357 ut
1405 2313 1604 2371 perficiat
1642 2314 1773 2358 etiam

187 2375 376 2418 alterum
406 2375 682 2431 promissum,
732 2380 886 2418 narrat
917 2375 1170 2418 Danaidum
1215 2375 1261 2417 in
1306 2375 1430 2418 Jonis
1476 2375 1668 2431 patriam
1704 2389 1773 2418 re-

184 2450 412 2479 versarum
445 2439 603 2479 sortes:
637 2449 772 2479 unam
806 2450 859 2479 ex
879 2436 933 2478 iis
966 2435 1105 2478 solam
1126 2435 1385 2490 Argivorum
1407 2435 1587 2491 stirpem
1607 2435 1775 2490 regiam

188 2510 283 2538 esse
315 2499 681 2552 propagaturam,
716 2495 800 2538 hac
831 2510 885 2538 ex
917 2496 1051 2553 stirpe
1085 2523 1139 2555 '—
1174 2510 1365 2551 namque
1398 2495 1571 2551 singula
1592 2509 1775 2538 narrare

187 2570 282 2599 esse
321 2555 501 2611 longum
533 2582 588 2589 -—
625 2555 802 2612 quando
842 2569 969 2599 suum
1006 2555 1286 2600 liberatorem
1324 2555 1537 2599 oriturum
1568 2569 1664 2599 esse
1698 2555 1772 2608 ait,

186 2617 327 2660 virum
383 2617 556 2673 sagittis
610 2616 813 2660 nobilem.
911 2616 1006 2660 Hoc
1052 2616 1258 2660 vaticinio
1304 2616 1425 2659 haud
1474 2616 1539 2660 ita
1591 2615 1774 2660 obscure

188 2677 441 2722 auditorum
475 2678 608 2720 animi
641 2677 931 2721 attenduntur
963 2677 1021 2721 ad
1053 2677 1254 2721 Herculis
1285 2676 1456 2720 facinus
1488 2677 1774 2721 notissimum.

188 2737 394 2782 Ceterum
425 2738 510 2781 hac
540 2738 816 2796 potissimum
839 2752 891 2781 ex
923 2753 972 2782 re
1006 2738 1124 2795 quod
1155 2742 1312 2781 narrat
1342 2738 1415 2781 ille
1449 2738 1774 2781 accuratissime

188 2799 243 2842 de
275 2799 512 2842 liberatore
552 2799 700 2842 futuro
747 2800 891 2855 ipsum
923 2799 1145 2854 cognitum
1183 2799 1346 2842 habere
1385 2798 1527 2857 elucet
1556 2799 1698 2841 minas
1729 2799 1775 2840 in

188 2858 343 2903 Jovem
393 2858 558 2902 effusas
605 2873 745 2902 vanas
785 2872 880 2902 esse
928 2858 1117 2902 futuras:
1167 2858 1256 2902 tale
1288 2873 1376 2902 non
1413 2858 1484 2901 hic
1515 2857 1644 2902 modo
1675 2857 1777 2902 Joni
