2003 3216
813 73 878 137 '-
941 101 1117 147 57-

185 234 392 280 accedere
419 232 632 304 judicavit
663 234 721 277 ad
751 234 871 291 leges
902 232 1178 291 Euripideas.
1241 232 1350 277 Mihi
1381 234 1555 291 quidem
1584 233 1759 278 videtur

183 297 250 340 vir
295 295 449 338 doctus
494 294 623 338 nimis
659 295 903 351 respexisse
936 295 995 339 ad
1024 309 1247 339 numeros
1259 308 1464 338 versuum
1494 294 1757 346 ultimorum,

183 368 464 412 quamquam,
496 355 544 396 ni
572 353 715 406 fallor,
761 358 940 411 propter
974 354 1130 397 horum
1159 367 1365 398 versuum
1393 354 1530 410 pedes
1561 353 1759 410 dactylos

182 429 270 458 non
301 412 451 457 debuit
481 417 675 458 statuere
706 413 924 470 placuisse
955 418 1112 471 poetae
1141 414 1245 458 totis
1265 413 1311 456 111
1333 413 1597 457 carminibus
1617 417 1760 457 metra

184 473 473 531 episyntheta.
535 473 735 530 Namque
767 474 900 517 ceteri
929 488 1082 517 versus
1111 474 1277 517 habent
1306 487 1510 517 numeros
1540 473 1760 516 iambicos

183 533 374 577 catalexi
403 547 538 590 quam
567 547 773 577 vocamus
803 533 1010 578 interiore
1041 538 1255 578 carentes.
1317 532 1574 590 Cujusmodi
1606 546 1759 577 versus

186 594 243 637 ab
274 592 486 650 Aeschylo
517 594 563 636 in
593 593 840 649 planctibus
871 594 1146 650 potissimum
1175 594 1341 651 positos
1373 608 1469 637 esse
1499 607 1571 636 res
1593 597 1662 636 est
1680 607 1759 636 no-

183 653 372 696 tissima:
421 653 482 696 sic
518 653 799 702 inveniuntur
833 655 880 697 in
911 652 1098 711 Ghoeph.
1131 653 1309 698 fabulae
1339 669 1406 697 vv.
1429 653 1682 705 410-416‚
1715 656 1761 697 et

183 714 228 756 111
261 712 378 770 Sept.
411 713 589 757 fabulae
627 713 806 770 planctu
850 712 926 757 illo
974 715 1031 758 ab
1071 713 1292 770 Antigona
1337 718 1382 757 et
1421 713 1599 758 Ismena
1630 712 1758 760 ‚edito

184 773 239 816 de
269 772 480 816 fratribus
500 774 682 816 mortuis
704 778 748 817 et
767 775 813 816 in
834 773 954 817 Pers.
976 773 1155 817 fabulae
1182 774 1298 829 regis
1319 787 1558 830 senumque
1579 772 1759 829 planctu

183 836 334 876 mutuo
364 832 467 876 inde
500 847 528 876 a
558 849 598 877 v
624 834 752 878 1009.
814 834 984 891 Itaque
1009 848 1278 891 quamquam
1308 848 1435 877 nemo
1466 847 1662 890 unquam
1691 832 1759 876 in-

184 893 398 936 fitiabitur
427 893 603 949 saepius
634 907 761 936 usum
793 907 888 937 esse
919 897 1096 950 poetam
1125 894 1322 937 versibus
1348 893 1548 936 iambicis
1569 892 1759 936 catalexi

183 953 390 996 interiore
420 952 676 1008 insignibus,
709 957 860 997 tamen
892 968 947 1011 eq
948 953 1096 997 uidem
1125 953 1232 997 mihi
1261 968 1350 997 non
1380 968 1558 1010 possum
1577 967 1759 1010 persua-

185 1013 289 1056 dere
327 1027 427 1056 eum
463 1013 548 1056 illis
586 1014 633 1055 in
670 1012 814 1056 Prom.
852 1013 1030 1067 fabulae
1068 1012 1333 1057 carminibus
1370 1028 1532 1069 ponere
1562 1028 1647 1056 non
1681 1027 1759 1069 po-

182 1073 319 1116 tuisse
350 1087 492 1116 meros
523 1072 705 1125 iambos,
738 1073 998 1130 praesertim
1028 1088 1126 1117 cum
1156 1074 1325 1129 priores
1354 1088 1505 1117 versus
1534 1087 1561 1116 a
1580 1073 1760 1130 planctu

183 1133 252 1176 vel
281 1133 401 1176 luctu
431 1133 552 1175 haud
582 1134 648 1176 ita
678 1134 767 1176 sint
797 1134 959 1176 diversi
990 1138 1035 1176 et
1064 1134 1199 1177 iambi
1230 1133 1362 1177 soluti
1391 1149 1458 1176 vv.
1484 1133 1570 1176 164
1602 1137 1647 1176 et
1676 1132 1761 1175 184

184 1193 346 1249 optime
378 1192 570 1237 reddant
601 1207 816 1236 summam
848 1194 1094 1250 argumenti
1125 1193 1468 1237 commotionem.
1520 1191 1646 1235 Talia
1666 1192 1760 1249 ipse

182 1253 479 1310 Westphalius
517 1254 705 1296 sensisse
744 1254 915 1297 videtur
953 1268 1052 1297 cum
1089 1255 1135 1297 in
1166 1255 1310 1311 operis
1340 1253 1510 1296 metrici
1539 1252 1761 1309 prooemio

183 1328 386 1358 numeros
431 1312 529 1357 illos
575 1313 784 1358 iambicos
823 1315 879 1358 ab
909 1313 1113 1371 Aeschyli
1148 1314 1320 1358 ratione
1360 1314 1525 1358 alienos‘
1557 1328 1653 1357 esse
1683 1327 1761 1356 ne-

185 1378 329 1441 garet:
378 1374 662 1429 Euripideam
700 1374 925 1430 quandam
962 1375 1154 1417 indolem
1184 1379 1289 1417 tunc
1320 1375 1495 1417 demum
1525 1373 1610 1416 sibi
1640 1374 1761 1416 inve-

183 1432 299 1476 nisse
346 1432 466 1476 visus
515 1437 583 1477 est
628 1447 727 1477 cum
774 1437 947 1489 ageret
970 1433 1025 1478 de
1063 1433 1215 1478 metris
1254 1432 1554 1491 episynthetis.
1616 1431 1761 1491 Atque

183 1493 325 1548 quivis
363 1493 572 1536 concedet
608 1494 654 1536 in
692 1494 835 1536 altera
871 1495 1113 1540 carminum
1142 1499 1269 1550 parte
1300 1498 1478 1549 poetam
1507 1508 1636 1536 usum
1667 1507 1762 1536 esse

182 1552 332 1596 metris
354 1552 583 1609 ejusmodi:
609 1553 770 1596 etenim
789 1557 1024 1611 postquam
1044 1553 1230 1597 dimetro
1249 1552 1470 1598 trochaico
1491 1551 1760 1605 catalecti00‚

182 1627 317 1669 quam
346 1613 533 1657 formam
569 1614 795 1657 metricam
826 1613 962 1657 habet
992 1630 1031 1658 v.
1057 1615 1156 1666 165,
1190 1614 1417 1671 rhythmus
1448 1612 1662 1656 iambicus
1695 1617 1763 1656 est

181 1677 378 1716 mutatus
398 1673 445 1716 in
466 1673 747 1725 trochaicum,
770 1673 1096 1730 subsequuntur
1116 1674 1301 1718 dimeter
1316 1673 1557 1731 dactylicus
1573 1672 1761 1730 brachy-

183 1733 477 1787 catalecticus,
495 1734 694 1778 trimeter
715 1734 956 1792 dactylicus
980 1735 1249 1778 acatalectus
1273 1735 1512 1778 arctissime
1533 1733 1762 1791 copulatus

182 1806 280 1837 cum
300 1795 545 1851 praemissa
565 1795 757 1851 tripodia
777 1795 1000 1838 trochaica
1021 1795 1292 1847 catalectica‚
1324 1798 1582 1839 tetrameter
1608 1794 1761 1851 dacty-

181 1854 291 1898 licus
324 1854 393 1899 cui
426 1859 544 1899 arcte
578 1855 826 1899 adnectitur
845 1860 1115 1900 monometer
1134 1856 1392 1901 trochaicus.
1440 1854 1593 1913 Neque
1612 1859 1762 1899 tamen

184 1915 398 1958 suaserim
428 1916 539 1959 haec
569 1920 711 1959 metra
743 1915 800 1958 ab
831 1916 1045 1972 Aeschylo
1079 1916 1395 1973 abjudicanda:
1429 1930 1533 1958 nam
1554 1915 1763 1972 quoniam

181 1975 415 2019 trecenties
452 1975 499 2018 in
535 1975 622 2019 fine
662 1975 941 2032 stropharum
977 1975 1267 2019 iambicarum
1305 1980 1373 2020 est
1402 1990 1507 2019 usus
1536 1975 1762 2031 logaoedis

182 2036 610 2093 dactylotrochaicis,
645 2036 701 2080 ab
732 2036 817 2079 hac
846 2036 943 2092 lege
975 2037 1265 2080 usitatissima
1294 2036 1426 2080 facile
1457 2036 1601 2092 potuit
1642 2050 1762 2080 rece-

183 2096 285 2140 dere
318 2096 381 2139 sic
400 2100 462 2140 ‚ut
491 2096 586 2139 loco
607 2095 917 2152 logaoedorum
937 2096 1187 2140 breviorum
1207 2101 1391 2153 poneret
1414 2096 1645 2154 ampliores
1668 2111 1762 2139 ver-

183 2170 257 2199 sus
290 2156 720 2213 dactylotrochaicos.
783 2156 961 2200 Accedit
999 2160 1148 2201 autem
1186 2157 1304 2213 quod
1341 2171 1497 2201 revera
1526 2156 1573 2199 in
1603 2157 1762 2200 carmi-

182 2231 287 2259 num
333 2217 451 2259 exitu
499 2217 675 2273 saepius
721 2216 857 2259 iambi
894 2216 964 2260 vel
1000 2217 1200 2261 trochaei
1231 2217 1505 2273 excipiuntur
1536 2216 1762 2273 dactylicis

183 2275 381 2319 versibus
415 2276 713 2334 amplioribus.
775 2276 949 2320 Etenim
979 2277 1024 2321 in
1057 2276 1245 2334 Choeph.
1278 2276 1458 2321 fabulae
1496 2276 1663 2334 parodo
1694 2281 1762 2320 est

182 2336 387 2378 carminis
418 2337 575 2393 prioris
606 2336 783 2379 iambici
813 2351 966 2380 versus
993 2337 1289 2393 paenultimus
1309 2341 1585 2393 pentameter
1605 2337 1760 2393 dacty-

181 2396 313 2447 licus3
345 2395 426 2440 sub
463 2397 596 2440 finem
633 2412 762 2453 porro
793 2396 917 2441 Eum.
955 2396 1134 2441 fabulae
1166 2397 1370 2441 carminis
1400 2396 1611 2441 trochaici
1643 2395 1761 2453 quod

184 2461 251 2500 est
295 2456 398 2500 inde
448 2470 475 2499 a
504 2473 572 2501 vv.
596 2458 683 2501 520
716 2460 784 2500 est
812 2471 853 2500 v.
876 2458 962 2501 526
994 2461 1270 2515 pentameter
1292 2457 1542 2515 dactylicus
1572 2456 1760 2515 brachy-

182 2517 484 2569 catalecticus;
516 2518 712 2574 ejusdem
748 2518 953 2561 carminis
990 2533 1143 2562 versus
1175 2522 1360 2576 quartus
1392 2523 1457 2562 est
1487 2522 1762 2575 pentameter

183 2577 424 2634 dactylicus
472 2582 604 2633 atque
637 2577 892 2633 gravissime
937 2578 1261 2634 interpungitur
1290 2582 1392 2634 post
1422 2577 1761 2635 subsequentem

121 2639 125 2644 '
183 2637 417 2682 dimetrum
436 2636 740 2694 logaoedicum
767 2636 896 2682 alteri
919 2638 1162 2683 arctissime
1183 2637 1422 2690 adnexum3
1453 2652 1596 2696 neque
1615 2638 1760 2682 minus

182 2702 458 2753 pentameter
502 2698 743 2755 dactylicus
781 2702 848 2741 est
887 2698 1081 2754 ejusdem
1117 2699 1374 2754 tragoediae
1405 2698 1610 2741 carminis
1641 2697 1760 2755 quod

184 2771 212 2800 a
241 2772 281 2801 v.
306 2758 393 2801 936
430 2757 584 2814 incipit
620 2771 772 2802 versus
805 2761 1002 2816 quartus.
1063 2758 1232 2803 Deinde
1264 2758 1300 2802 si
1331 2758 1430 2815 quis
1461 2772 1559 2802 cum
1590 2772 1761 2801 summa

188 2817 468 2874 stropharum
512 2818 849 2875 Euripidearum
894 2818 1034 2876 copia,
1082 2833 1268 2875 quarum
1297 2833 1501 2863 numeros
1533 2817 1762 2874 exscripsit

181 2877 480 2936 Westphalius
517 2893 590 2937 pp.
615 2878 873 2932 694—-702‚
913 2878 1233 2938 comparaverit
1267 2877 1368 2923 illas
1397 2878 1542 2925 Prom.
1579 2877 1759 2923 fabulae
