2003 3216
874 94 943 149 -’
993 117 1051 159 20
1115 142 1169 154 ..-

227 249 381 303 aperte
412 246 683 302 significatur
711 249 761 289 ut
793 247 995 302 equidem
1026 261 1113 290 non
1145 247 1271 290 modo
1302 261 1388 290 non
1419 245 1677 291 nomensed
1697 245 1813 289 illius

227 305 323 350 loco
349 321 406 351 ne
426 321 667 365 pronomen
688 306 865 363 quidem
886 307 1146 351 desiderem:
1179 307 1311 350 immo
1332 307 1448 363 quod
1469 308 1620 351 deerat
1640 320 1810 359 nomen,

227 366 433 410 librarius
473 367 652 422 quidam
688 370 739 410 ut
774 367 1142 424 interpretaretur
1171 367 1381 411 vocabula
1412 364 1549 409 ἐλθών
1579 371 1624 411 et
1649 368 1817 424 μακρᾶς·

228 424 448 476 κελεύθου,
494 426 583 470 tale
616 427 721 481 quid
759 427 1003 483 ascripsisse
1055 427 1230 470 videtur
1280 424 1628 484 »Παρθενοπαῖος
1674 424 1818 483 Ἀρκὰς

227 483 323 544 ἧμαι,
371 499 483 542 quae
530 486 665 544 verba
699 489 852 543 postea
887 500 977 529 una
1007 500 1105 529 cum
1135 487 1188 529 iis
1219 487 1377 542 quibus
1408 486 1735 544 excipiebantur
1765 485 1811 529 in

227 546 584 589 antecedentibus
628 546 676 589 in
713 549 884 590 textum
914 546 1137 603 irrepsisse
1168 546 1372 603 suspicor.
1435 546 1520 591 Sed
1558 550 1659 590 utut
1690 546 1811 602 origo

226 604 424 648 lectionis
470 609 700 662 corruptae
744 605 1052 662 explicabitur,
1106 605 1188 648 hoc
1234 607 1473 649 ostendisse
1519 607 1625 649 mihi
1663 606 1812 649 videor

226 679 373 709 versus
403 664 502 709 illos
532 664 627 709 loco
658 665 734 709 ubi
765 669 868 709 sunt
897 665 1051 709 traditi
1077 668 1194 708 stare
1215 680 1303 709 non
1323 680 1472 723 posse3
1504 665 1644 710 altera
1663 669 1811 709 autem

225 739 279 768 ex
314 728 442 782 parte
473 742 542 770 vv.
572 726 831 778 528—529‚
871 726 1076 781 quoniam
1112 729 1214 768 sunt
1245 726 1298 769 de
1328 739 1477 782 pugna
1506 725 1667 779 futura,
1699 726 1810 769 bene

223 798 490 843 praeparare
536 785 740 830 videntur
777 786 986 830 orationis
1019 785 1269 839 clausulam,
1319 799 1450 842 quam
1486 789 1536 830 ut
1572 787 1616 830 in
1654 786 1810 830 ceteris

223 846 368 895 nuntii
399 846 722 889 narrationibus
754 846 968 890 binariam
999 845 1134 889 fuisse
1167 850 1232 889 est
1262 846 1507 890 verisimile.

344 963 410 1008 Ex
430 966 485 1008 iis
507 979 619 1021 quae
642 965 823 1023 exposui
855 966 963 1009 satis
991 980 1209 1022 superque
1232 965 1374 1009 elucet
1399 980 1486 1009 non
1514 969 1606 1009 tam
1626 966 1811 1009 firmiter

224 1038 356 1081 quam
376 1024 608 1069 Richterus
639 1039 773 1069 ausus
805 1028 873 1069 est
903 1040 1032 1083 posse
1065 1026 1267 1069 contendi
1299 1026 1441 1069 exitus
1473 1026 1606 1069 trium
1637 1025 1809 1069 illarum

223 1086 470 1128 orationum
490 1085 818 1143 interpolatoris
840 1087 1064 1142 cujusdam
1080 1087 1388 1130 additamentis
1410 1100 1505 1129 esse
1528 1086 1806 1142 depravatos:

222 1144 329 1187 mihi
374 1146 521 1202 potius
560 1146 771 1202 septimae
803 1146 919 1200 regis
966 1146 1175 1188 orationis
1213 1145 1356 1189 exitus
1402 1146 1809 1202 interpretationem

222 1205 361 1261 magis
383 1218 516 1262 quam
537 1206 884 1250 emendationem
905 1206 1153 1250 desiderare
1182 1205 1434 1258 videbatur3
1467 1206 1609 1250 exitus
1630 1206 1808 1261 quintae

221 1265 366 1309 nuntii
396 1266 626 1319 orationis,
675 1266 768 1309 sine
800 1266 931 1310 dubio
962 1266 1159 1310 versibus
1198 1267 1534 1323 transponendis
1572 1265 1807 1318 sananduS‚

221 1325 328 1369 mihi
360 1326 536 1382 quidem
572 1327 822 1385 nuperrime
854 1340 1008 1371 revera
1053 1330 1233 1370 sanatus
1265 1341 1361 1370 esse
1398 1327 1591 1378 videtur3
1644 1327 1809 1370 exitum

222 1389 406 1441 quartae
438 1387 555 1442 regis
576 1388 799 1440 orationis,
834 1388 910 1442 qui
931 1391 976 1430 et
995 1388 1089 1444 ipse
1110 1402 1226 1430 nunc
1245 1402 1450 1431 versuum
1470 1387 1807 1444 transpositione

222 1447 457 1491 emendatu
478 1461 598 1491 sesse
618 1446 805 1501 videtur,
845 1462 933 1491 non
965 1447 1133 1505 pariter
1164 1462 1242 1505 pro
1274 1452 1394 1492 certo
1428 1446 1641 1491 affirmari
1660 1451 1808 1505 potest

220 1521 322 1550 vere
356 1520 451 1549 esse
474 1507 783 1563 Aeschyleum:
817 1508 931 1563 mihig
946 1511 1093 1550 tamen
1116 1508 1236 1550 nulla
1271 1513 1341 1551 res
1373 1508 1547 1550 obstare
1578 1508 1808 1551 videbatur

220 1567 453 1623 quominus
485 1571 530 1612 et
559 1566 676 1611 hunc
706 1567 762 1611 ab
792 1567 888 1625 ipso
909 1566 1124 1624 Aeschylo
1154 1566 1398 1625 profectum
1430 1581 1525 1611 esse
1553 1567 1805 1625 judicarem.

221 1627 307 1671 Sed
338 1626 548 1683 quidquid
587 1628 703 1671 docti
751 1631 947 1671 statuent
986 1629 1037 1671 de
1069 1628 1246 1671 illarum
1291 1629 1537 1671 orationum
1585 1629 1721 1679 exitu,
1760 1628 1807 1670 id

220 1700 394 1744 semper
440 1688 595 1743 quovis
640 1688 822 1744 pignore
870 1688 1128 1731 contendam
1173 1687 1294 1731 illam
1342 1689 1394 1731 de
1440 1687 1587 1743 Tydeo
1633 1691 1805 1730 retento

218 1746 439 1791 fictionem
469 1747 554 1804 ipsi
573 1747 789 1804 Aeschylo
812 1748 973 1791 deberi.
1036 1747 1190 1804 Neque
1211 1748 1353 1791 minus
1376 1748 1518 1791 causis
1540 1745 1805 1803 gravissimis

217 1805 507 1851 labefactasse
529 1806 635 1851 mihi
665 1808 816 1852 videor
835 1807 1169 1851 fundamentum
1189 1807 1383 1851 Richteri
1403 1808 1804 1863 argumentationis,

219 1867 313 1911 dico
345 1866 563 1926 duplicem
593 1867 714 1912 illam
746 1869 798 1912 de
831 1867 1014 1912 ducibus
1047 1867 1268 1925 elegendis
1299 1868 1538 1920 fictionem,
1581 1882 1668 1924 qua
1699 1882 1804 1911 usus

218 1932 287 1970 est
332 1932 383 1971 ut
426 1930 680 1972 ostenderet
727 1929 904 1985 Septem
950 1930 1159 1972 adversus
1195 1929 1362 1973 Thebas
1409 1928 1582 1972 fabulae
1630 1943 1804 1986 scenam

216 1987 488 2046 praeclaram
532 1992 688 2046 postea
734 2004 831 2033 esse
879 1989 1172 2042 emendatam,
1222 2004 1334 2046 quae
1382 2003 1512 2033 scena
1544 1992 1589 2033 et
1624 1992 1805 2046 propter

216 2050 466 2098 universam
511 2049 703 2093 indolem
735 2053 781 2093 et
811 2053 993 2106 propter
1030 2050 1202 2105 singula
1247 2050 1432 2093 artificia
1477 2049 1581 2093 mihi
1628 2050 1803 2105 quidem

215 2122 389 2165 semper
433 2124 539 2166 prae
572 2123 618 2152 se
657 2108 772 2153 ferre
817 2108 1040 2152 videbitur
1085 2110 1242 2153 summi
1289 2111 1551 2165 tragicorum
1597 2110 1803 2166 principis

213 2182 452 2224 ingemum.
912 2196 917 2198 -
1340 2191 1343 2194 ⁴
1478 2190 1488 2199 -

774 2504 1012 2582 Altera
1059 2520 1234 2601 pars.

332 2650 427 2695 Hoc
459 2664 678 2695 summum
710 2651 937 2696 consilium
968 2652 1014 2695 in
1036 2651 1155 2709 Sept.
1188 2651 1337 2695 fabula
1367 2655 1499 2709 poeta
1530 2655 1608 2695 est'
1626 2655 1802 2695 secutus

212 2716 262 2756 ut
305 2713 422 2757 diras
470 2727 581 2768 quas
628 2711 822 2770 Oedipus
868 2716 996 2769 pater
1040 2712 1143 2757 filiis
1190 2716 1286 2757 erat
1331 2713 1595 2770 imprecatus
1648 2727 1802 2762 revera

211 2774 409 2816 evenisse
441 2772 708 2816 ostenderet.
773 2772 934 2824 Quales
966 2776 1115 2815 autem
1160 2772 1325 2815 fuerint
1370 2773 1491 2825 illae,
1541 2774 1634 2816 sine
1667 2773 1800 2816 dubio

211 2831 352 2877 altera
388 2834 435 2876 in
472 2832 673 2890 trilogiae
718 2831 868 2878 fabula
907 2834 1153 2877 accuratius
1191 2833 1434 2891 expositae,
1483 2847 1537 2877 ex
1570 2833 1801 2890 *tragoedia

210 2897 386 2938 servata
416 2893 543 2939 facile
574 2894 850 2952 perspicitur.
923 2893 1036 2936 Nam
1066 2896 1302 2951 postquam
1333 2908 1411 2937 rex
1444 2895 1496 2938 de
1529 2908 1661 2938 scena
1691 2894 1801 2938 abiit
