2003 3216
847 128 1143 186 „14-

198 273 455 333 pronomine
493 274 671 318 nuntius
708 274 864 318 leviter
894 273 1138 330 significare
1177 274 1351 319 videtur
1386 274 1531 332 ipsum
1561 273 1786 319 Eteoclem

201 348 298 378 sese
329 334 457 378 fratri
497 348 593 378 esse
632 335 957 391 oppositurum3
1004 334 1073 378 cui
1112 334 1418 389 significationi
1461 334 1611 379 favent
1657 335 1789 378 etiam

200 392 380 439 voculae
440 391 545 453 »ἤδη
597 393 753 449 γνῶθι(
839 393 1040 450 Namque
1085 396 1267 452 propter
1317 394 1431 439 hanc
1475 395 1617 453 ipsam
1654 395 1787 451 signi-

199 455 433 499 ficationen
471 455 552 497 hac
581 455 627 497 in
657 455 853 498 oratione
891 468 1050 511 praeco
1087 454 1292 499 recedere
1328 454 1504 499 videtur
1534 468 1562 499 a
1590 455 1787 499 formulis

201 515 358 558 ceteris
388 515 434 557 111
466 513 835 558 admonitionibus
873 514 1064 558 usitatis.
1142 514 1310 559 Deinde
1343 529 1422 558 suo
1448 515 1548 573 jure
1584 516 1789 573 opposuit

199 574 461 619 Ritschelius
491 573 662 617 facilius
693 574 812 618 idem
842 578 998 632 postea
1026 575 1169 632 repeti
1199 574 1477 619 librariorum
1499 575 1628 633 culpa
1656 583 1788 631 quam

200 635 317 690 quod
354 637 614 689 sequeretur
658 634 881 691 anteponi.
955 634 1064 680 Tum
1102 634 1284 678 alterius
1330 635 1414 678 loci
1458 635 1671 679 vocabula
1712 633 1800 685 »ιι-ὑ,

199 692 364 740 δἀὐτὸς·
393 691 547 748 γνῶθκ
583 708 665 752 per
695 709 742 739 se
773 695 977 739 videntur
1008 709 1103 739 esse
1136 698 1354 753 corrupta.
1414 693 1528 739 Nam
1553 698 1787 753 postquam

198 755 377 798 nuntius
407 754 606 798 hortatus
638 758 705 799 est
733 769 883 812 regem
912 759 963 799 ut
983 754 1180 812 Polynici
1210 757 1453 814 opponeret
1473 756 1783 808 adversarium,

196 814 304 859 haec
335 813 479 859 dicere
510 815 673 873 pergit:
976 864 979 867 ,
1789 819 1791 821 ’

486 875 547 924 ὡς
572 873 708 918 οὔποθ
740 875 860 934 ἀνδρὶ
889 874 998 934 τῷδε
1027 876 1337 936 κηρυκευμάτων

481 934 646 994 μέμψει,
679 935 729 978 σὺ
760 935 942 986 δἀὐτὸς
969 935 1096 992 γνῶθι
1127 937 1362 996 ναυκληρεῖν
1392 936 1514 979 πόλιν.

196 995 277 1038 His
322 994 466 1039 verbis
502 996 549 1039 id
585 997 862 1053 potissimum
907 1000 1040 1053 poeta
1085 1000 1255 1053 spectat
1291 1001 1342 1040 ut
1373 997 1492 1039 dicat
1538 1011 1632 1040 esse
1669 998 1785 1054 regis

197 1056 442 1115 gubernare
488 1056 815 1114 rempublicam.
901 1056 972 1100 Sic
1015 1060 1164 1100 tamen
1215 1055 1377 1100 format
1420 1057 1683 1100 sententiam
1716 1057 1786 1100 'ut

197 1120 391 1173 opponat
420 1117 539 1160 inter
567 1132 613 1161 se
643 1118 869 1174 praeconis
901 1121 946 1160 et
976 1117 1091 1173 regis
1112 1131 1314 1161 munera:
1347 1131 1450 1160 nam
1470 1118 1515 1161 in
1536 1118 1785 1161 universum

197 1176 283 1219 dici
314 1176 369 1219 de
400 1178 632 1233 praeconio
655 1180 701 1220 et
722 1175 1010 1235 κηρυκεύματα
1039 1177 1132 1220 sine
1154 1177 1338 1220 articulo
1358 1178 1550 1233 positum
1572 1180 1617 1220 et
1637 1173 1787 1218 οὔποτε

196 1235 451 1307 petendunt.
528 1236 607 1281 Est
642 1237 778 1293 igitur
807 1237 878 1280 hic
908 1237 1224 1281 sententiarum
1270 1251 1488 1281 connexus
1537 1238 1652 1295 »jam
1683 1252 1784 1280 con-

195 1297 355 1341 stituas
386 1300 533 1340 tecum
564 1311 797 1353 quemnam
822 1298 1041 1340 missurus
1073 1298 1133 1340 sis
1164 1297 1211 1339 in
1239 1296 1511 1353 Polynicem;
1543 1297 1705 1341 etenim
1735 1300 1786 1339 ut

197 1371 268 1408 me
300 1357 479 1412 quidem
516 1372 755 1413 numquam
791 1357 1062 1415 vituperabis
1093 1358 1140 1400 in
1169 1358 1420 1414 praeconio,
1470 1358 1532 1401 sic
1562 1361 1688 1401 tuum
1720 1360 1786 1400 est

197 1417 440 1473 gubernare
494 1418 847 1474 rempublicam«
934 1417 1041 1461 Tale
1096 1417 1203 1473 quid
1256 1418 1459 1461 universe
1489 1417 1786 1474 ‘significatur

195 1477 417 1524 vocabulis
469 1477 735 1535 »ναυκληρεῖν
780 1476 934 1528 mum«,
987 1493 1130 1534 neque
1176 1480 1326 1522 tamen
1374 1479 1483 1522 bene
1530 1478 1786 1535 exprimitur

195 1538 340 1582 verbis
376 1536 452 1579 »σὺ
484 1536 650 1584 auara.-
678 1537 831 1592 γνῶθκ<
844 1555 860 1589 ‚-
906 1540 983 1582 sed
1016 1542 1319 1596 exspectamus
1353 1538 1398 1579 τὸ
1429 1537 1501 1579 σύν
1532 1536 1617 1580 ἐστι
1647 1535 1783 1595 (quod

196 1599 380 1656 conjecit
426 1597 704 1656 Ritschelius)
750 1599 821 1642 vel
867 1599 1131 1642 locutionem
1178 1599 1377 1642 similem.
1459 1598 1526 1641 Ex
1571 1599 1625 1641 iis
1672 1612 1786 1654 quae

194 1658 335 1702 fusius
367 1659 548 1715 exposui
579 1662 764 1716 apparet
789 1675 829 1702 v.
854 1660 955 1711 633,
1003 1662 1186 1716 propter
1205 1659 1523 1702 sententiarum
1545 1673 1786 1702 connexum

195 1719 511 1770 necessarium,
565 1733 653 1761 11011
700 1732 828 1774 posse
862 1718 1015 1770 deleri,
1071 1722 1115 1761 et
1161 1718 1426 1774 singularem
1478 1718 1785 1761 admonitionis

195 1778 381 1821 formam
418 1776 494 1818 »σὺ
525 1776 692 1823 δἀὐτὸς
719 1776 798 1836 ἤδη
832 1777 985 1831 γνῶθκ
1023 1778 1200 1829 defendi
1232 1792 1284 1821 ea
1314 1793 1362 1821 re
1407 1777 1524 1833 quod
1563 1781 1786 1835 exspectet

196 1839 377 1881 nuntius
410 1852 558 1893 regem
590 1839 735 1895 ipsum
766 1839 812 1880 in
842 1838 1025 1881 fratrem
1057 1852 1150 1881 esse
1182 1841 1495 1895 pugnaturum.

317 1898 418 1942 Jam
449 1899 557 1941 satis
589 1898 831 1942 ostendisse
859 1898 966 1941 mihi
996 1898 1148 1942 videor
1178 1912 1311 1941 unam
1352 1899 1621 1953 eandemque
1654 1898 1784 1941 duces

197 1957 387 2015 eligendi
417 1959 637 2002 fictionem
669 1959 834 2002 servari
864 1973 945 2016 per
975 1973 1125 2002 omnes
1156 1958 1273 2014 regis
1306 1961 1351 2001 et
1380 1958 1524 2001 nuntii
1555 1958 1784 2011 orationes,

197 2020 260 2062 sic
305 2023 356 2062 ut
398 2019 479 2062 hac
525 2034 579 2063 ex
632 2023 759 2076 parte
806 2034 894 2062 non
945 2019 1118 2063 licuerit
1164 2019 1368 2062 Richtero
1421 2022 1615 2062 statuere
1664 2018 1785 2075 Sept.

195 2079 391 2124 fabulam
421 2083 522 2136 post
553 2078 756 2136 Aeschyli
787 2083 987 2136 tempora
1018 2093 1114 2123 esse
1146 2082 1444 2122 retractatam.

319 2139 403 2183 Sed
450 2139 496 2182 in
549 2139 636 2182 illis
684 2139 955 2183 orationibus
1006 2140 1122 2183 idem
1167 2140 1235 2183 vir
1286 2139 1439 2182 doctus
1492 2139 1625 2182 etiam
1676 2138 1786 2181 alias

196 2199 479 2243 difficultates
512 2200 669 2243 statuit
700 2214 863 2255 easque
885 2200 940 2242 ab
964 2200 1115 2242 eodem
1136 2203 1326 2251 auctore,
1361 2199 1483 2256 cujus
1506 2201 1624 2241 esset
1644 2198 1786 2241 altera

196 2261 328 2304 duces
361 2259 552 2316 eligendi
596 2259 724 2313 ratio,
771 2260 818 2303 111
850 2273 1024 2303 carmen
1056 2259 1346 2316 Aeschyleum
1376 2259 1539 2303 illatas.
1617 2257 1707 2301 Has
1737 2258 1784 2301 in

195 2320 456 2364 offensiones
503 2320 764 2377 praesertim
811 2334 909 2363 cum
941 2334 1028 2362 non
1068 2319 1332 2363 cohaereant
1378 2333 1476 2361 cum
1521 2319 1663 2361 altera
1708 2318 1787 2360 illa

194 2380 369 2424 fictione
416 2394 559 2435 neque
607 2379 809 2423 debuerit
861 2380 1078 2437 interpres
1125 2380 1216 2423 sine
1263 2379 1405 2422 causis
1453 2380 1559 2421 duas
1602 2392 1673 2421 res
1709 2376 1785 2420 uni

195 2441 423 2496 eidemque
475 2440 781 2497 interpolatori
833 2440 1070 2493 ascribere,
1123 2455 1240 2483 nunc
1285 2438 1391 2482 mihi
1423 2439 1668 2482 accuratius
1716 2441 1786 2480 est

194 2501 517 2556 inquirendum.
581 2500 778 2543 Primum
808 2501 853 2542 in
884 2516 952 2543 vv.
985 2501 1261 2544 360—362.:

497 2558 648 2611 Τυδεὺς
669 2559 747 2618 μὲν
779 2557 835 2619 ἧὸ
891 2558 995 2618 πρὸς
1023 2558 1179 2603 πύλαισι
1211 2557 1411 2617 Προιτίστν

480 2620 640 2678 βρέμει,
673 2620 800 2678 πόρον
832 2575 871 2662 3’
903 2618 1090 2679 Ἰσμηνὸν
1121 2620 1194 2662 οὐκ
1223 2620 1279 2678 ἐᾷ
1308 2622 1438 2676 περᾶν

486 2681 510 2720 ὂ
536 2681 680 2738 μάντις
707 2679 757 2721 οὐ
788 2679 867 2738 γὰρ
899 2680 1052 2738 σφάγια
1084 2679 1253 2736 γίγνεται
1282 2678 1396 2721 καλά.

196 2756 292 2785 eam
324 2741 546 2784 fictionem
578 2756 633 2785 ex
665 2755 753 2797 qua
781 2740 953 2797 Tydeus
984 2742 1096 2785 vatis
1128 2754 1337 2797 responso
1369 2739 1591 2782 Ismenum
1621 2737 1784 2781 flumen

193 2802 383 2844 transire
414 2801 725 2857 prohiberetur
754 2800 959 2857 Aeschyli
1001 2801 1175 2857 ingenio
1222 2800 1447 2855 indignam
1480 2812 1575 2842 esse
1613 2799 1786 2841 censuit

193 2865 327 2917 atque
361 2861 513 2904 deberi
560 2861 889 2918 interpolatoris
928 2861 1176 2916 sagacitati,
1226 2861 1301 2916 qui
1333 2860 1529 2903 excusari
1574 2858 1786 2902 voluisset

194 2935 409 2963 summam
446 2922 514 2963 bis
545 2924 713 2977 septem
751 2921 998 2963 orationum
1042 2934 1221 2963 moram.
1300 2920 1393 2962 Hoc
1439 2933 1536 2961 cum
1571 2921 1785 2961 statueret
