2003 3216
859 48 1129 97 ⁴—6—

199 184 474 237 pugnaturus
505 194 602 223 cum
635 179 746 224 duce
778 178 906 223 modo
938 179 1167 237 descripto.
1232 179 1356 223 Hanc
1393 179 1450 225 ad
1489 194 1660 223 scenam
1690 195 1790 237 per-

200 241 315 285 tinet
346 241 543 297 quaestio
574 239 650 284 1113
681 240 736 284 (16
768 254 857 296 qua
887 254 1002 284 nunc
1033 244 1099 284 est
1135 240 1378 284 accuratius
1399 239 1631 297 agendum.
1678 240 1791 284 Nam

203 301 435 345 Richterus
461 301 631 358 judicat
666 299 780 344 »duo
820 300 990 344 diversa
1020 300 1198 344 consilia
1226 300 1296 344 vel
1325 300 1470 357 potius
1491 300 1598 344 duas
1620 304 1791 344 contra-

199 362 287 404 rias
316 362 514 405 fictiones
539 360 599 403 sic
620 359 828 404 confundi
848 363 981 417 atque
1002 360 1278 418 permisceri«
1314 364 1365 404 ut
1384 359 1528 405 facere
1549 375 1637 404 non
1656 361 1791 417 possi-

199 436 296 465 mus
342 422 448 477 quin
493 421 606 463 hanc
650 419 827 464 fabulae
872 424 1044 478 partem
1086 424 1184 478 post
1214 420 1472 479 Aeschylum
1509 424 1791 465 retractatam

201 496 293 524 esse
325 494 588 524 censeamus

325 540 522 583 Primum
552 554 692 597 pauca
724 538 866 583 dicam
896 539 974 583 illa
1005 540 1061 585 de
1092 541 1267 585 fictione
1299 555 1432 597 quam
1462 555 1539 584 suo
1573 540 1672 598 jure
1703 544 1792 584 sta-

201 601 288 643 tuit
318 600 562 644 Richterus.
623 600 862 656 Postquam
892 601 1027 657 igitur
1068 615 1146 644 rex
1187 600 1356 645 audivit
1395 600 1792 658 Hippomedontem

199 661 403 704 sortitum
437 675 529 704 esse
560 660 782 705 Minervae
812 665 986 718 portam
1016 664 1149 717 atque
1180 675 1272 705 sese
1299 661 1391 717 jam
1423 676 1558 718 prope
1587 662 1792 718 63111336-

201 725 309 774 tare,
345 721 401 765 de
433 720 518 765 dea
547 720 656 765 haec
687 720 812 765 dicit:

488 778 613 839 εἴρξει
644 783 827 824 νεοσσῶν)
858 781 918 832 ὡς
945 781 1148 839 δράκοντα
1179 780 1383 841 δύσχιμον,

200 841 255 885 (16
288 841 512 915 Hyperbio
543 845 694 885 autem
724 842 785 885 sic
814 842 960 899 pergit
990 841 1036 885 in
1066 858 1135 886 vv.
1158 843 1243 886 487
1268 856 1382 898 sqq.:

487 898 578 943 Υ
529 917 578 943 π
568 900 699 959 ’ρβιος
725 901 774 944 δὲ
805 901 947 951 κεδνὸς
983 899 1151 951 Οἴνοπος
1177 901 1292 951 τόκος
1380 920 1384 924 ·

488 960 594 1019 ἀνὴρ
626 961 711 1003 κατ’
744 959 879 1020 ἄνδρα
910 963 1049 1004 τοῦτον
1078 958 1226 1033 ᾐρέθη
1248 959 1382 1004 θέλων

490 1019 645 1079 ἐξιοτορ
676 1035 744 1063 σαι
769 1022 921 1094 μοῖραν
952 1020 997 1064 ἐν
1020 1021 1150 1095 χρείᾳ
1161 1020 1305 1096 τύχης

489 1078 571 1124 οὔτ’
605 1037 692 1124 εἷο
694 1078 836 1131 ςοῦτε
867 1079 951 1139 §op
952 1079 1000 1125 ὸν
1030 1079 1121 1124 οὔθ’
1154 1080 1289 1124 ὅπλων
1320 1080 1454 1140 σχέοτν

482 1140 687 1200 μωμητός,
694 1094 812 1199 c‘Epp
841 1155 863 1192 ς
890 1097 951 1184 ἅμ
959 1140 1140 1196 εὐλόγως
1168 1141 1401 1200 συνήγαγεν.

201 1200 351 1244 Verba
384 1205 581 1244 extrema
611 1202 805 1258 accipien
837 1215 865 1244 a
894 1204 997 1244 sunt
1027 1202 1088 1245 sic
1118 1204 1168 1243 ut
1198 1216 1277 1244 rex
1316 1201 1432 1244 dicat
1461 1201 1573 1245 forte
1607 1199 1796 1256 quadam
1879 1209 1881 1211 ’

198 1260 393 1304 secunda
424 1261 644 1318 oppositos
665 1275 757 1304 esse
778 1261 1176 1318 Hippomedontem
1198 1265 1243 1304 et
1263 1260 1548 1318 Hyperbium.
1596 1261 1795 1316 Namque

197 1321 293 1377 ipse
341 1335 439 1363 cum
478 1321 704 1378 Hyperbio
743 1321 965 1365 Minervae
1012 1325 1186 1379 portam
1230 1321 1427 1365 traderet
1458 1320 1792 1374 defendendam,

199 1381 310 1424 scire
359 1396 448 1424 non
493 1381 640 1438 potuit
685 1381 731 1425 in
778 1397 878 1426 eum
915 1381 1314 1439 Hippomedontem
1351 1396 1441 1425 esse
1479 1385 1793 1439 pugnaturum:

199 1445 302 1497 apte
350 1442 487 1497 igitur
523 1441 765 1484 Mercurius
804 1442 995 1485 effecisse
1035 1441 1196 1485 dicitur
1232 1445 1282 1484 ut
1313 1442 1498 1485 eandem
1528 1445 1700 1499 portam
1731 1441 1795 1484 illi

203 1502 467 1545 sortirentur
499 1517 686 1557 quorum
716 1506 840 1545 scuta
870 1502 1004 1558 signis
1034 1503 1152 1546 inter
1181 1517 1227 1546 se
1259 1501 1518 1546 adversariis
1555 1506 1698 1545 essent
1727 1503 1794 1545 in-

197 1565 365 1604 structa
411 1559 520 1618 (vid
551 1562 698 1605 Weilii
734 1561 918 1619 adnot.)
990 1563 1126 1605 Porro
1174 1562 1358 1605 eandem
1403 1563 1621 1605 fictionem
1664 1566 1796 1618 poeta

199 1621 294 1664 sine
327 1619 462 1664 dubio
495 1625 561 1665 est
591 1625 763 1665 secutus
795 1636 894 1665 cum
925 1622 981 1665 de
1012 1621 1298 1678 Polyphonte,
1339 1622 1414 1677 qui
1445 1622 1680 1679 opponitur
1711 1621 1794 1664 Ca-

199 1696 355 1737 paneo,
388 1680 497 1724 haec
527 1681 662 1724 verba
691 1682 901 1725 scriberet
933 1681 1018 1736 (vv.
1042 1682 1189 1725 430-
1194 1679 1321 1736 431):

476 1739 582 1813 ἀνὴρ
614 1740 651 1783 δ’
673 1739 736 1784 ἐπ’
768 1739 886 1799 αὐτῷ
913 1741 979 1784 καὶ
1009 1740 1238 1799 στόμαργός
1265 1740 1344 1783 ἐστ’
1376 1739 1492 1797 ἄγαν,

478 1798 612 1842 αἴθων
644 1800 824 1843 τέτακται
853 1801 974 1859 λῆμα,
1009 1800 1274 1858 Πολυφόντου
1300 1800 1387 1856 βία.

197 1860 368 1904 Deinde
399 1861 472 1904 vix
505 1860 707 1905 dubitare
738 1875 964 1919 possumus
995 1861 1101 1918 quin
1129 1862 1220 1919 ipse
1243 1860 1441 1914 Eteocles
1461 1876 1539 1906 rex
1560 1861 1641 1906 sibi
1661 1861 1794 1919 septi-

200 1936 317 1964 mam
349 1936 463 1989 quae
489 1922 647 1965 dicitur
666 1926 840 1978 portam
860 1923 1137 1979 proposuerit
1158 1922 1489 1974 defendendam,
1522 1922 1643 1978 prius
1665 1937 1796 1989 quam

199 1981 331 2023 sciret
361 1981 407 2023 in
440 1996 538 2024 eam
568 1982 782 2038 impetum
812 1981 1031 2024 facturum
1063 1996 1154 2025 esse
1175 1981 1436 2038 Polynicem.
1500 1981 1625 2034 Quod
1652 1982 1688 2024 si
1709 1996 1796 2025 non

201 2044 458 2093 statuemus,
492 2055 580 2083 non
611 2056 837 2098 possumus
867 2041 1113 2096 intelligere
1145 2058 1185 2084 v.
1209 2042 1316 2084 634:

494 2098 597 2156 ὤμοι
628 2099 783 2158 πατρὸς
811 2100 863 2159 δὴ
896 2102 965 2143 νῦν
996 2101 1097 2158 ἀραὶ
1128 2100 1367 2158 τελεσφόροι

201 2174 229 2202 3
262 2174 366 2215 rege
397 2161 744 2216 pronuntiatum,
777 2164 1010 2217 postquam
1042 2161 1211 2204 audivit
1240 2161 1382 2229 ipsum
1412 2160 1594 2203 fratrem
1624 2164 1797 2218 portam

202 2220 434 2276 septimam
467 2234 558 2264 esse
590 2221 805 2264 sortitum.
870 2219 1077 2264 Ceterum
1106 2223 1240 2278 poeta
1270 2220 1352 2263 nisi
1383 2235 1484 2264 casu
1514 2220 1677 2264 factum
1706 2235 1796 2268 esse

200 2280 397 2323 ostendit
441 2284 492 2323 ut
538 2280 676 2325 frater
713 2284 900 2336 uterque
932 2281 1117 2329 eandem
1147 2284 1321 2337 portam
1353 2281 1436 2324 sibi
1467 2284 1669 2334 sumeret,
1709 2281 1796 2324 vim

199 2340 356 2398 Oedipi
400 2329 596 2384 dirarum
646 2355 734 2385 non
776 2341 881 2385 satis
926 2341 1048 2397 gravi
1090 2340 1286 2399 pondere
1331 2342 1504 2399 pressit:
1564 2339 1696 2385 immo
1744 2357 1797 2385 ex

197 2356 337 2443 illiusp
353 2415 473 2443 more
512 2401 673 2444 fratres
708 2406 891 2457 propter
921 2402 1059 2457 patris
1090 2401 1431 2444 exsecrationem
1463 2402 1586 2469 quasi
1617 2401 1708 2443 sato
1740 2401 1797 2443 ad

200 2459 380 2504 caedem
411 2463 612 2503 mutuam
643 2460 850 2504 destinati
881 2475 974 2505 esse
995 2464 1097 2505 sunt
1118 2461 1349 2517 cogit-andi.
1397 2460 1450 2505 In
1472 2460 1627 2518 quinta
1647 2464 1796 2505 autem

200 2521 397 2564 oratione
429 2535 508 2563 rex
539 2520 607 2563 his
637 2522 777 2564 utitur
807 2522 970 2564 verbis:

493 2577 599 2624 ἔστιν
631 2578 679 2624 δὲ
709 2580 776 2624 καὶ
807 2579 905 2639 τῷδ’
940 2580 988 2624 ὃν
1018 2580 1147 2636 λέγεις
1174 2580 1242 2624 τὸν
1273 2577 1442 2640 Ἀρκάὸα

493 2640 600 2699 ἀνὴρ
633 2640 819 2698 ἄκομπος.

201 2699 323 2744 Haec
355 2701 490 2744 verba
523 2716 624 2745 eum
655 2702 876 2759 aptissime
910 2702 1056 2746 dicere
1086 2717 1211 2759 posse
1244 2703 1282 2745 si
1307 2703 1399 2760 jam
1431 2706 1667 2759 antequam
1690 2702 1796 2758 quid

201 2761 462 2817 comperiret
483 2762 536 2804 de
558 2761 904 2820 Parthenopaeo,
934 2762 1139 2806 Actorem
1159 2762 1326 2806 Boreae
1348 2767 1501 2820 portae
1522 2762 1796 2820 praefecerit,

200 2834 330 2864 nemo
362 2821 555 2877 negabit.
