2003 3216
863 85 1160 131 „70—

1229 167 1238 185 0

215 220 425 261 raverunt
470 231 572 260 eum
608 231 700 261 sese
731 218 872 275 ipsum
903 218 1085 262 vinculis
1117 232 1209 262 esse
1240 217 1552 271 liberaturum,
1592 233 1708 263 nunc
1736 220 1804 263 in-

217 277 438 333 eptissime
459 276 602 320 relabi
622 278 826 321 videntur
858 279 915 322 ad
946 279 1040 335 ejus
1070 278 1224 335 culpae
1255 279 1397 322 initia:
1436 285 1539 332 nam
1565 282 1744 323 vertunt
1764 281 1806 324 ei

216 336 451 393 opprobrio
489 337 609 393 quod
648 337 866 394 adjuverit
896 337 1105 389 homines,
1139 352 1166 380 a
1196 337 1356 394 quibus
1386 338 1595 382 auxilium
1628 353 1804 396 exspec-

215 400 312 440 tare
344 397 385 440 ei
415 411 503 440 non
534 396 737 441 licuisset.
800 396 981 441 Accedit
1012 397 1130 454 quod
1151 398 1431 454 opprobrium
1452 401 1518 442 est
1537 399 1806 443 contrarium

215 457 408 500 moribus
438 457 656 512 virginum
676 458 1023 514 Aeschylearum.
1071 457 1186 501 Nam
1216 459 1294 514 qui
1325 458 1499 513 quidem
1530 473 1677 502 secum
1703 474 1804 502 con-

216 516 476 561 sideraverit
507 531 583 561 eas
613 530 745 574 supra
774 518 820 561 in
850 533 919 562 vv.
943 518 1031 562 250
1063 531 1157 574 sqq.
1191 521 1343 574 aperte
1379 517 1562 562 laudare
1592 517 1806 563 beneficia

215 591 243 625 a
262 576 525 620 Prometheo
556 579 602 620 in
622 577 820 621 homines
841 578 1015 629 collata,
1050 577 1301 635 opinabitur
1321 593 1394 622 eas
1414 579 1611 622 miserari
1630 579 1804 623 illorum

215 640 379 691 statum
410 637 619 681 miserum
651 637 792 693 qualis
821 637 955 681 fuerit
986 642 1088 682 ante
1119 638 1351 690 beneficia3
1382 639 1459 682 sed
1488 638 1588 682 huic
1609 638 1804 695 opinioni

214 711 461 754 repugnare
507 698 682 742 videtur
712 698 971 754 opprobium
1000 698 1236 742 illiberale:
1277 713 1466 755 namque
1497 698 1805 743 Prometheum

214 758 513 813 vituperantes
545 758 663 814 quod
692 757 811 809 bona
841 758 994 802 tulerit
1023 758 1190 803 miseris
1219 758 1477 811 hominibus,
1514 762 1694 815 propter
1723 760 1804 802 im-

214 818 503 863 becillitatem
541 819 752 862 beneficia
786 825 874 861 n'on
904 820 1260 871 remuneraturis,
1300 833 1450 862 carere
1481 819 1687 863 videntur
1715 820 1803 863 vir-

215 878 338 934 gines
385 892 490 934 erga
536 893 610 922 eos
650 879 769 922 omni
799 878 1096 922 misericordia
1126 882 1258 937 atque
1289 878 1569 923 liberalitate.
1632 879 1801 923 Deinde

213 943 314 995 post
347 939 647 994 antistrophae
678 953 853 983 versum
883 940 1086 995 priorem,
1120 949 1206 994 quo
1239 954 1455 982 summum
1486 941 1653 983 cantici.
1671 954 1802 995 argu-

213 1002 410 1042 mentum
441 999 713 1042 concluditur
744 1004 789 1043 et
819 1000 1011 1043 breviter
1041 999 1224 1043 effertur
1243 999 1324 1043 hoc
1345 999 1439 1056 ejus
1461 1013 1677 1042 summum
1698 1014 1800 1043 con-

214 1059 359 1102 silium
390 1063 441 1103 ut
472 1060 619 1102 dicant
649 1061 840 1115 virgines
873 1073 1089 1115 quaenam
1120 1059 1205 1103 sibi
1237 1061 1502 1117 sumpserint
1534 1074 1601 1118 ex>
1618 1060 1801 1103 alterius

211 1119 342 1163 rebus
373 1120 580 1172 adversiS‚
614 1120 786 1163 addunt
817 1134 893 1163 eae
926 1123 1091 1176 quanto
1122 1121 1287 1164 distent
1315 1120 1424 1164 haec
1450 1134 1531 1163 sua
1556 1121 1725 1163 cantica
1746 1121 1802 1164 ab

211 1180 452 1236 hymenaeo
498 1183 594 1224 t'um
631 1184 807 1224 cantato
844 1195 941 1224 cum
972 1180 1258 1224 Prometheus
1290 1181 1520 1224 deduxerit
1550 1180 1800 1225 Hesionam.

211 1240 332 1293 Quae
380 1243 647 1298 comparatio
692 1242 809 1285 haud
852 1243 938 1284 scio
985 1256 1042 1284 an
1088 1243 1144 1285 sit
1174 1243 1353 1297 indigna
1384 1256 1554 1285 summa
1585 1243 1800 1296 gravitate

211 1301 466 1358 Aeschylea.
1615 1313 1617 1315 ·

332 1362 456 1405 Idem
502 1361 594 1405 fere
645 1366 712 1405 est
759 1362 1096 1405 existimandum
1134 1363 1187 1405 de
1219 1362 1389 1407 cantico,
1419 1365 1626 1405 extremo.
1689 1361 1801 1404 Nam

211 1426 438 1479 exponunt
483 1422 675 1478 virgines
714 1435 933 1477 quaenam
973 1422 1202 1465 didicerint
1233 1436 1286 1465 ex
1316 1422 1437 1465 Jovis
1469 1425 1587 1465 sorte
1618 1420 1799 1473 infelici3

210 1482 291 1524 hoc
322 1497 538 1525 summum
569 1484 731 1525 cantici
763 1482 988 1525 consilium
1019 1483 1289 1537 significatur
1319 1486 1470 1538 aperte
1501 1499 1541 1525 v.
1566 1483 1666 1525 897.
1716 1482 1801 1524 Sed

211 1542 428 1597 quomodo
475 1541 593 1603 apud
638 1543 783 1599 ipsum
828 1542 1088 1599 Aeschylum
1135 1556 1213 1586 eae
1260 1556 1307 1586 se
1355 1542 1569 1598 gesserint
1620 1541 1799 1597 virginis

210 1602 430 1645 erroribus
461 1604 620 1646 auditis
653 1603 760 1646 satis
792 1604 949 1646 docent
979 1619 1046 1646 vv.
1071 1604 1207 1646 686—
1222 1603 1323 1645 692.
1386 1602 1500 1645 Nam
1531 1605 1632 1645 utut
1654 1616 1799 1645 emen-

210 1663 406 1706 dabimus
437 1662 646 1707 lectiones
678 1664 954 1720 depravatas
989 1667 1092 1706 sunt
1122 1677 1270 1706 versus
1300 1677 1402 1707 vere
1423 1661 1664 1719 Aeschylei.
1704 1661 1799 1705 Pri-

209 1738 329 1767 mum
359 1724 597 1767 arctissime
630 1724 864 1767 cohaerent
895 1738 994 1767 cum
1025 1724 1382 1767 antecedentibus
1414 1727 1458 1766 et
1494 1722 1799 1777 subsequenti-

208 1784 306 1827 bus:
343 1785 593 1841 exprimunt
622 1785 812 1839 virgines
843 1783 1180 1827 admirationem
1207 1788 1252 1827 et
1272 1798 1518 1827 maerorem
1540 1784 1592 1826 de
1614 1784 1670 1825 iis
1687 1797 1799 1838 quae

208 1844 339 1887 modo
378 1844 472 1900 ipsa
502 1844 556 1887 Jo
588 1845 783 1888 narravit
814 1845 866 1887 de
900 1858 980 1887 sua
1010 1858 1150 1899 usque
1182 1845 1238 1887 ad
1268 1843 1315 1886 id
1346 1844 1554 1901 temporis
1584 1846 1699 1886 sorte
1731 1844 1798 1886 in-

207 1903 346 1955 felici3
379 1908 424 1947 et
456 1905 650 1947 adnectit
680 1906 735 1948 ad
766 1904 902 1948 verba
933 1918 1084 1947 earum
1104 1918 1228 1946 suam
1250 1905 1492 1947 orationem
1513 1903 1799 1946 Prometheus

209 1978 307 2007 cum
347 1978 421 2008 eas
459 1965 588 2007 nimis
619 1965 772 2007 mirari
804 1967 936 2016 vetet,
976 1965 1234 2021 priusquam
1266 1964 1513 2008 audiverint
1543 1967 1691 2006 cetera
1721 1978 1798 2020 pe-

207 2024 347 2068 ricula
377 2024 441 2068 illi
471 2026 756 2069 imminentia.
819 2025 986 2068 Deinde
1035 2039 1112 2068 eae
1153 2025 1235 2068 sibi
1264 2025 1385 2081 ipsae
1416 2038 1503 2068 non
1533 2027 1713 2067 sumunt
1744 2039 1798 2067 ex

208 2089 325 2128 sorte
372 2086 491 2128 Ionis
528 2100 705 2128 normas
738 2085 925 2137 vivendi,
974 2086 1051 2128 sed
1097 2085 1274 2128 edicunt
1312 2099 1365 2128 ex
1403 2099 1522 2128 more
1560 2084 1798 2141 Aeschyleo

207 2150 481 2204 quantopere
514 2161 567 2190 ea
599 2150 968 2190 commoveantur.
1032 2146 1160 2189 Hanc
1190 2149 1339 2192 autem
1360 2145 1690 2189 commotionem
1711 2160 1798 2188 non

207 2208 336 2250 modo
383 2221 533 2251 versus
581 2207 821 2251 dochmiaci
867 2206 1070 2250 reddunt>
1091 2207 1266 2263 optime,
1307 2206 1386 2249 sed
1418 2206 1634 2261 significat
1665 2206 1799 2248 etiam

209 2281 345 2322 genus
392 2268 577 2320 dicendi,
628 2282 681 2310 ex
729 2281 816 2322 quo
854 2282 952 2310 cum
983 2267 1071 2310 alia
1100 2271 1193 2310 tum
1226 2267 1462 2310 eorundem
1492 2266 1562 2309 vel
1593 2266 1799 2309 similium

206 2327 518 2371 vocabulorum
564 2327 844 2370 iterationem
889 2327 1089 2384 Aeschyli
1139 2328 1323 2383 prodere
1373 2327 1596 2381 ingenium
1647 2340 1798 2369 conce-

207 2388 309 2431 dere
361 2402 449 2430 non
502 2387 735 2438 dubitabit,
791 2387 1038 2442 quicunque
1089 2386 1219 2443 hujus
1268 2389 1428 2443 poetae
1475 2386 1683 2429 orationis
1730 2389 1800 2429 est

205 2448 383 2503 peritus.
449 2448 534 2490 Sed
580 2448 626 2490 in
683 2447 851 2490 cantico
905 2450 1100 2491 extremo
1144 2450 1330 2489 utuntur
1374 2446 1563 2501 virgines
1608 2446 1799 2488 numeris

206 2511 339 2563 atque
393 2508 589 2550 oratione
636 2507 930 2564 placidissime
982 2505 1297 2564 profluentibus
1348 2510 1393 2549 et
1452 2519 1565 2561 quae
1606 2520 1698 2549 sese
1746 2521 1798 2549 ex

203 2567 228 2610 J
233 2568 326 2611 onis
373 2567 563 2610 sortibus
610 2567 811 2610 didicisse
860 2570 1083 2623 exponunt
1128 2570 1222 2610 tam
1263 2566 1417 2622 jejuna
1460 2569 1563 2609 sunt
1595 2569 1646 2608 ut
1680 2567 1797 2622 prio-

206 2642 299 2671 rem
331 2642 509 2671 seenam
542 2626 751 2682 grandem
785 2627 1144 2683 praeclaramque
1180 2627 1323 2669 minus
1362 2629 1464 2682 apte
1504 2626 1703 2682 excipere
1734 2626 1797 2669 vi-

205 2689 406 2731 deantur.
469 2687 673 2743 Namque
720 2687 978 2743 praedicant
1022 2688 1164 2730 virum
1209 2686 1462 2742 sapientem,
1511 2686 1587 2743 qui
1623 2686 1798 2743 ‘primus

203 2748 479 2805 praeceperit
511 2751 561 2791 ut
594 2748 919 2805 matrimonium
945 2747 1077 2790 iniret
1096 2761 1175 2790 suo
1197 2747 1381 2802 quisque
1403 2747 1537 2789 statui
1558 2760 1797 2789 accommo-

205 2810 357 2852 datum
393 2823 502 2851 neve
536 2808 633 2865 quis
665 2811 839 2864 peteret
870 2808 1046 2864 nuptias
1079 2808 1233 2850 divites
1267 2805 1505 2849 nobilesve:
1542 2807 1663 2863 'ipsae
1703 2820 1797 2849 sese

202 2869 504 2927 neque'Jovis
536 2883 678 2924 neque
713 2869 893 2912 deorum
924 2869 1109 2911 aliorum
1141 2866 1419 2911 concubitum
1450 2868 1670 2924 petituras
1702 2881 1797 2910 esse
