2003 3216
792 112 1088 153 ...38—

145 242 301 298 Neque
323 243 465 285 minus
486 244 553 285 vir
574 243 728 287 doctus
750 247 817 286 est
838 243 1045 299 deceptus
1074 259 1170 287 cum
1192 247 1407 288 statueret
1423 244 1732 296 Prometheum

146 302 303 358 ipsum,
338 317 436 347 cum
466 302 543 347 illo
575 303 908 359 colloquentem,
942 317 1121 360 prorsus
1152 303 1337 348 inscium
1369 318 1460 348 esse
1491 319 1638 349 rerum
1664 305 1732 349 fu-

145 366 366 404 turarum:
401 377 590 418 namque
612 379 679 405 vv.
701 364 953 415 371-376,
985 365 1060 418 qui
1080 365 1353 418 apertissime
1375 365 1613 408 ostendunt
1634 380 1731 408 eum

147 422 311 466 virtute
358 421 436 465 illa
472 422 697 478 insignem,
746 426 901 478 postea
932 422 1103 466 additos
1136 437 1228 467 esse
1259 423 1414 467 statuit
1443 438 1485 480 p.
1509 425 1581 468 63.
1645 424 1734 468 Sed

149 483 345 537 quamvis
391 483 654 525 narrationis
708 497 821 538 quae
883 487 948 525 est
995 483 1050 526 de
1095 483 1300 539 Typhone
1356 488 1400 527 et
1459 485 1733 539 potissimum

147 557 187 585 v.
217 542 306 585 364
339 541 523 585 colorem
558 555 585 585 a
615 541 866 586 Promethei
896 556 1085 599 persona
1115 542 1312 587 nonnihil
1339 542 1572 587 abhorrere
1600 547 1733 600 atque

149 602 465 657 discrepantias
511 602 572 645 sic
620 602 906 646 declarandas
954 603 1237 647 esse‘Weilio
1284 603 1518 647 concedam
1554 608 1605 647 ut
1637 618 1733 648 eam

147 676 235 705 non
283 665 374 704 tam
422 661 655 705 cohaerere
688 676 787 705 cum
819 662 955 706 totius
988 663 1197 706 orationis
1230 663 1407 707 consilio
1439 667 1572 719 atque
1604 678 1734 719 argu-

147 725 296 766 mento
329 737 461 778 quam
482 725 662 778 propter
693 737 842 767 recens
874 723 1094 779 quoddam
1116 723 1284 768 Aetnae
1315 723 1563 768 incendium
1595 724 1734 768 inser-

147 786 239 824 tam
272 796 368 824 esse
397 782 603 838 judicem,
637 786 786 825 tamen
813 783 996 825 alterius
1024 784 1107 825 viri
1135 785 1247 826 ratio
1270 784 1376 825 mihi
1406 784 1582 839 quidem
1609 785 1734 827 valde

149 840 370 896 displicet:
420 842 582 885 etenim
620 839 688 885 vv.
712 843 801 885 369
841 846 885 885 et
916 844 1005 886 370
1036 846 1217 898 propter
1252 843 1463 887 vocabula
1498 841 1738 899 »ἰπούμενος

143 900 316 959 ῥίζαισιν
356 899 460 941 ὑπύ<<
505 905 550 945 et
593 903 821 958 »κορυφαῖς
849 900 885 943 δ’
919 900 963 943 ἐν
994 899 1162 960 &xpm-r«
1216 903 1333 946 inter
1363 917 1408 946 se
1441 903 1642 959 opposita
1672 903 1736 946 ita

147 975 242 1004 sese
266 961 488 1016 excipiunt
509 965 559 1003 ut
579 961 662 1014 hic,
697 962 815 1017 quod
837 962 913 1004 alii
933 962 1165 1005 voluerunt
1184 963 1456 1018 interpretes,
1490 977 1545 1005 ne
1572 963 1735 1005 vicibus

150 1022 328 1077 quidem
373 1036 656 1076 personarum
705 1022 763 1064 sit
809 1022 940 1074 locuS,
989 1022 1122 1065 immo
1161 1023 1245 1067 duo
1284 1037 1438 1066 versus
1464 1038 1552 1066 uno
1583 1026 1735 1066 tenore

147 1082 267 1125 susos
312 1081 583 1136 scriptosque
629 1096 722 1123 esse
760 1085 983 1137 appareat.
1062 1082 1229 1125 Deinde
1262 1086 1327 1125 est
1363 1083 1410 1125 in
1446 1098 1486 1125 v.
1525 1084 1612 1126 376
1660 1097 1734 1125 vo-

149 1142 314 1185 cabulis
352 1142 569 1198 »κεραυνῷ
599 1139 734 1199 Ζηνὸς
751 1139 1095 1199 ἦνθρακωμένοςει
1122 1157 1200 1185 cur
1221 1142 1395 1186 omnino
1416 1142 1610 1198 potuerit
1629 1141 1736 1186 haec

149 1202 204 1244 (le
250 1201 456 1258 Typhone
502 1201 652 1244 fabula
699 1201 819 1244 addi:
868 1216 1058 1257 namque
1095 1207 1146 1244 ut
1176 1203 1223 1244 in
1254 1203 1516 1246 narrationis
1548 1202 1735 1245 insertae

150 1262 270 1306 exitu
301 1261 522 1317 aptissime
556 1260 716 1304 dicitur
745 1261 817 1305 hic
849 1276 936 1305 non
967 1261 1111 1305 minus
1143 1261 1378 1306 crudeliter
1414 1277 1441 1306 a
1470 1261 1577 1306 Jove
1608 1263 1735 1319 puni-

149 1327 221 1365 tus
270 1336 365 1365 esse
414 1336 545 1377 quam
592 1321 716 1364 Atlas
763 1326 824 1365 et·
853 1323 945 1377 ipse
992 1323 1292 1366 Prometheus.
1355 1323 1490 1366 Porro
1528 1322 1736 1378 fugerunt

149 1382 421 1427 Kolischium
443 1398 509 1426 vv.
533 1382 792 1426 379—380:
828 1382 987 1426 etenim
1012 1383 1152 1439 quivis
1173 1386 1378 1439 agnoscet
1409 1383 1591 1427 obscure
1624 1383 1735 1426 allu-

150 1445 254 1487 dere
286 1443 485 1486 Titanem
517 1443 575 1486 ad
607 1457 729 1486 suam
760 1443 966 1499 Jovisque
1013 1444 1424 1487 reconciliationem.
1505 1444 1592 1487 Sed
1629 1459 1736 1501 quo-

149 1504 280 1547 modo
329 1504 387 1546 sit
432 1503 597 1547 factum
643 1506 693 1545 ut
744 1506 875 1559 poeta
922 1518 1022 1546 eum
1060 1503 1142 1546 hac
1171 1504 1217 1546 in
1250 1518 1380 1547 scena
1410 1503 1519 1546 nihil
1550 1504 1736 1559 amplius

148 1565 430 1620 apertiusque
451 1563 729 1619 profitentem
762 1564 950 1619 fingeret
981 1565 1034 1608 de
1065 1568 1181 1608 sorte
1213 1564 1363 1607 futura
1392 1563 1535 1616 facile,
1569 1564 1737 1620 perspi-

149 1625 275 1668 citur.
338 1623 450 1666 Nam
482 1623 564 1666 hac
594 1624 639 1665 in
671 1638 718 1666 re
751 1638 921 1666 summa
952 1638 1107 1667 scenae
1128 1624 1193 1666 vis
1215 1628 1281 1667 est
1302 1624 1446 1679 posita
1466 1628 1517 1666 ut
1538 1624 1738 1667 Oceanus

151 1686 301 1728 credat
330 1684 531 1740 precibus
562 1683 653 1726 suis
686 1698 733 1727 se
764 1698 893 1739 posse
925 1685 1075 1728 sedare
1112 1684 1233 1728 Jovis
1280 1684 1403 1736 iram,
1451 1684 1737 1728 Prometheus

151 1749 312 1797 autem,
353 1759 441 1788 non
482 1743 600 1800 quod
638 1744 880 1800 respexerit
910 1748 1090 1800 propter
1120 1743 1258 1787 fatum
1291 1759 1441 1800 preces
1473 1744 1581 1786 nihil
1612 1759 1737 1800 posse

148 1806 309 1858 valere,
359 1804 438 1848 sed
486 1803 580 1848 sola
618 1804 823 1861 superbia
851 1804 1094 1860 prohibitus
1125 1819 1212 1848 non
1243 1805 1439 1862 patiatur
1468 1808 1519 1848 ut
1550 1819 1628 1848 suo
1660 1819 1737 1848 no-

149 1867 265 1909 mine
298 1867 353 1909 ab
386 1880 437 1908 eo
469 1865 568 1921 quis
598 1867 806 1921 precetur
835 1866 1020 1908 veniam.

269 1926 369 1969 Jam
401 1928 675 1968 transeamus
709 1939 806 1968 eam
837 1925 894 1968 ad
926 1939 1100 1968 scenam
1135 1940 1223 1981 qua
1253 1925 1540 1975 Prometheus
1572 1940 1652 1968 sua
1683 1925 1737 1968 de

148 1986 395 2030 hominibus
441 1986 603 2028 merita
639 1986 878 2041 virginibus
910 1986 1154 2028 accuratius
1185 1988 1356 2029 narrat:
1391 2000 1479 2041 qua
1509 1985 1555 2028 in
1586 1999 1738 2028 narra-

149 2048 268 2090 tione
316 2045 599 2102 repredendit
645 2046 712 2089 vir
759 2045 910 2089 doctus
949 2046 1064 2101 quod
1101 2048 1333 2102 postquam
1366 2046 1738 2089 enumerationem

148 2107 458 2151 beneficiorum
481 2106 765 2153 conclusisset
792 2122 859 2149 vv.
883 2107 1134 2158 471-473,
1170 2106 1313 2149 denuo
1334 2120 1513 2150 narrare
1535 2109 1739 2162 pergeret

148 2169 194 2211 in
216 2184 283 2211 vv.
307 2167 396 2211 474
418 2181 527 2223 sqq.,
552 2170 684 2223 atque
706 2166 818 2210 hanc
839 2166 1024 2209 alteram
1046 2167 1342 2210 narrationem
1365 2170 1519 2223 postea
1540 2166 1739 2210 additam

150 2243 244 2272 esse
276 2228 358 2271 sibi
396 2227 629 2284 persuasit.
700 2227 955 2270 Rectissime
996 2230 1144 2269 tamen
1176 2227 1359 2270 Weilius
1391 2228 1437 2270 in
1469 2227 1572 2270 edit.
1605 2242 1646 2282 p.
1681 2228 1735 2270 57

148 2289 256 2332 haec
302 2288 531 2335 adnotavit
586 2287 658 2330 »in
703 2287 785 2331 hoc
832 2287 1026 2344 episodio
1072 2286 1358 2331 Prometheus
1403 2302 1481 2331 sua
1519 2287 1565 2330 in
1605 2301 1740 2343 genus

148 2350 388 2393 humanum
428 2348 641 2392 beneficia
671 2348 735 2391 ita
768 2348 964 2405 exponit,
1006 2351 1056 2391 ut
1086 2348 1230 2405 priore
1263 2348 1452 2392 dictione
1485 2362 1537 2392 ea
1569 2362 1680 2404 quae
1712 2362 1739 2390 a

149 2410 319 2453 ratione
352 2409 560 2465 pendent,
595 2408 736 2452 altera
758 2422 810 2452 ea
833 2423 944 2464 quae
968 2423 1065 2451 cum
1089 2408 1356 2452 divinatione
1389 2410 1617 2465 conjuncta
1637 2411 1739 2451 sunt

150 2469 516 2527 conprehendat.‹<
582 2468 762 2512 Accedit
794 2469 911 2524 quod
943 2468 1054 2512 haec
1084 2468 1391 2512 beneficiorum
1423 2468 1575 2512 divisio
1608 2469 1737 2512 etiam

150 2530 247 2574 aliis
269 2530 411 2573 causis
434 2529 778 2573 commendatur.
827 2528 953 2583 ‘Nam
976 2528 1240 2584 simulatque
1272 2529 1348 2572 ille
1376 2529 1571 2573 narravit
1593 2529 1741 2584 qualia

142 2589 425 2648 μηχανήματα
456 2589 704 2633 hominibus
736 2590 981 2640 tribuisset,
1024 2589 1238 2631 mirantur
1275 2589 1463 2644 virgines
1496 2589 1613 2644 quod
1652 2589 1741 2631 suis

149 2652 287 2707 ipsius
321 2650 542 2693 doloribus
563 2649 760 2693 remedia
791 2664 879 2693 non
899 2649 1040 2706 possit
1073 2648 1301 2700 adhibere3
1332 2649 1570 2705 respondet
1591 2651 1739 2693 autem

151 2724 225 2755 eas
257 2711 397 2766 magis
431 2712 563 2754 etiam
596 2725 689 2753 esse
719 2710 976 2761 miraturas,
1010 2710 1045 2752 si
1078 2709 1328 2753 audiverint
1361 2714 1468 2765 quot
1500 2709 1739 2766 qualesque

149 2774 270 2815 artes
286 2771 503 2814 docuisset
526 2785 661 2826 genus
676 2770 926 2813 humanum.
961 2769 1019 2813 Et
1034 2784 1188 2813 revera
1203 2771 1452 2813 narratione
1468 2770 1577 2813 adeo
1596 2772 1742 2813 movet

150 2833 368 2888 virginum
400 2831 736 2875 admirationem
768 2833 819 2874 ut
851 2845 897 2874 se
929 2845 1105 2886 sperare
1145 2830 1292 2874 dicant
1324 2845 1422 2874 eum
1457 2844 1549 2874 sese
1595 2830 1739 2886 ipsum

150 2892 334 2936 vinculis
372 2892 664 2936 liberaturum
710 2891 1032 2947 liberatumque
1063 2891 1171 2934 Jove
1218 2891 1312 2947 ipso
1359 2905 1446 2934 non
1491 2890 1740 2935 inferiorem

1969 2815 1988 2900 ⁸3...

1971 3104 1979 3216 *ιι-,-
