2003 3216
801 93 1094 137 -65-

162 226 307 284 eloqui
340 226 464 279 solet,
512 224 626 270 haud
659 226 726 269 ita
755 240 856 271 raro
885 226 932 269 in
962 240 1090 271 usum
1121 229 1298 271 vocaret
1344 225 1447 270 dact
1445 225 1734 283 y.loepitritos

145 287 370 331 Attamen
400 289 451 330 ut
479 274 754 344 praeteream
782 300 923 343 pauca
953 286 1153 343 exempla
1172 301 1226 331 ex
1249 285 1471 343 Sophoclis
1501 286 1741 342 tragoediis

162 348 396 415 exscripta,
436 346 675 415 Aeschylus
706 345 920 393 abstinuit
949 347 1105 391 ceteris
1134 347 1181 392 in
1210 346 1368 392 fabulis
1398 346 1592 391 numeris
1623 347 1740 405 ejus-

160 405 292 460 modi,
316 406 477 463 quippe
499 407 574 463 qui
595 421 811 450 summum
827 407 1066 450 carminum
1087 405 1224 453 πάθος
1249 407 1323 451 vix
1338 411 1523 476 possent
1537 406 1739 450 reddere.

161 467 213 512 In
244 481 334 510 una
362 469 535 510 tantum
563 466 725 519 fabula,
758 466 854 511 dico
875 466 1181 511 Prometheum
1210 467 1415 520 vinctum,
1448 467 1480 510 ii
1509 466 1740 511 inveniun-

161 530 235 569 tur
253 529 387 583 atque
418 525 579 570 talibus
610 527 656 570 in
676 527 949 581 carminibus,
982 541 1168 584 quorum
1187 541 1243 572 ne
1270 530 1530 583 argumenta
1560 526 1739 583 quidem

161 586 383 640 ingenium
428 585 716 643 Aeschyleum
760 587 944 643 prodere
991 586 1208 631 videntur.
1287 585 1492 630 Ceterum
1539 601 1595 630 ne
1643 586 1740 643 quis

162 645 365 701 opinetur
410 659 613 689 numeros
654 647 746 703 jam
776 660 863 690 non
893 649 986 689 tam
1030 646 1180 689 firmas
1226 649 1529 690 constantesve
1562 646 1738 701 regulas

162 706 287 762 sequi
323 709 374 749 ut
411 705 528 749 credi
573 705 703 750 liceat
749 706 941 749 carmina
985 705 1225 763 composita
1255 719 1348 749 esse
1379 706 1431 749 iis
1469 708 1589 763 temp
1590 705 1738 750 oribus

162 765 320 820 quibus
365 766 521 821 tragici
567 766 819 822 saepissime
856 766 924 808 uti
961 765 1050 808 sint
1086 765 1202 809 soliti
1241 764 1469 822 dactyloep
1470 766 1621 817 itritiS,
1671 770 1740 809 est

162 824 411 868 addendum
431 826 589 881 prioris
610 826 814 869 carminis
836 825 1072 868 clausulam
1088 840 1182 869 esse
1203 824 1464 869 versiculum
1480 798 1738 882 Ithyphalli-

162 899 278 937 011111,
328 885 404 941 qui
434 899 462 928 a
497 885 642 942 lyricis
681 886 857 941 quidem
894 884 1153 953 repudiatus
1189 885 1437 941 saepissime
1475 885 1654 940 ponitur
1682 884 1739 929 ab

162 944 369 1000 Euripide
419 945 466 987 111
512 944 701 1001 strophis
753 944 1031 996 exeuntibus,
1085 946 1147 987 sic
1189 947 1242 987 ut
1285 944 1495 988 nonnulla
1540 958 1694 1001 exemp
1696 945 1742 987 la

163 1004 356 1057 afferam,
388 1005 434 1048 in
464 1004 579 1049 Med.
612 1004 698 1049 fab.
730 1021 797 1049 vv.
831 1004 933 1058 420,
967 1004 1068 1058 634,
1103 1005 1212 1057 982;
1249 1004 1296 1048 111
1325 1004 1531 1049 Androm.
1562 1020 1604 1048 v.
1636 961 1737 1049 777.

161 1063 315 1119 Neque
331 1063 504 1121 dactyli,
531 1066 726 1121 quisunt
744 1066 790 1107 in
805 1066 1044 1107 carminum
1059 1064 1209 1117 initiis,
1232 1064 1469 1108 abhorrent
1484 1065 1540 1107 ab
1555 1064 1739 1107 aliorum

161 1124 423 1179 tragicorum
456 1125 709 1168 rationibus.
774 1124 844 1168 Sic
874 1139 928 1168 ex
960 1124 1143 1181 dactylis
1173 1124 1328 1181 incipit
1345 1124 1412 1182 Aj.
1444 1123 1531 1168 fab.
1561 1137 1739 1167 carmen

160 1184 276 1238 quod
309 1186 378 1226 est
407 1197 435 1225 a
463 1200 503 1230 v.
539 1185 637 1235 172,
670 1185 726 1227 ab
757 1185 1006 1239 anapaestis
1044 1188 1089 1227 et
1109 1184 1263 1227 Troad.
1294 1184 1382 1227 fab.
1415 1198 1590 1226 carmen
1622 1184 1739 1238 quod

114 1273 122 1280 -
160 1245 225 1287 est
256 1256 283 1286 a
313 1258 353 1286 v.
387 1243 488 1297 795,
523 1246 568 1287 et
589 1242 747 1287 Electr.
779 1242 866 1288 fab.
899 1244 1116 1287 canticum
1147 1243 1263 1299 quod
1294 1246 1362 1286 est
1392 1256 1489 1291 av.
1524 1244 1625 1286 859.

278 1303 306 1346 J
307 1317 377 1345 am
414 1318 553 1358 pauca
592 1308 695 1346 sunt
741 1299 993 1347 adnotanda
1039 1305 1091 1347 de
1143 1305 1336 1361 numeris
1382 1303 1585 1347 carminis
1623 1304 1738 1347 anti-

157 1362 364 1421 strophici
385 1363 500 1420 quod
521 1363 685 1420 legitur
712 1363 814 1407 inde
836 1377 863 1407 a
882 1379 922 1407 v.
946 1363 1046 1407 541.
1110 1362 1348 1408 Circuitum
1378 1363 1514 1419 igitur
1532 1376 1738 1407 versuum

159 1424 428 1478 singulorum
449 1425 663 1479 significat
683 1425 850 1480 syllaba
870 1425 1002 1480 longa
1021 1427 1210 1468 metrum
1232 1424 1483 1480 egrediens3
1514 1424 1561 1468 in
1580 1422 1737 1468 ultimo

157 1497 288 1540 quem
319 1482 514 1527 scribunt
545 1484 733 1528 editores
765 1483 852 1527 duo
873 1483 968 1528 cola
987 1487 1107 1527 arcte
1132 1484 1369 1542 'conjuncta
1390 1497 1481 1527 esse
1508 1483 1734 1526 videntur:

156 1558 345 1599 namque
364 1545 411 1586 in
432 1545 705 1599 antistropha
724 1545 929 1600 poscitur,
963 1545 1167 1600 quoniam
1187 1543 1473 1589 Prometheus
1495 1543 1736 1588 Hesionam

156 1602 391 1647 deduxisse
438 1603 524 1647 dici
559 1619 647 1647 non
693 1608 839 1659 potest
875 1605 960 1647 nisi
1005 1608 1136 1648 antea
1181 1604 1307 1648 donis
1353 1603 1621 1672 nuptialibus
1653 1604 1737 1646 sibi

156 1663 439 1716 conciliatam,
461 1663 555 1708 loco
579 1662 731 1705 πείθων
752 1664 900 1707 acristi
919 1664 1198 1722 participium
1220 1662 1372 1714 πιθών,
1404 1663 1467 1707 810
1492 1666 1543 1707 ut
1564 1662 1737 1721 syllaba

155 1723 298 1767 brevis
348 1724 612 1779 respondeat
669 1723 862 1793 syllabae
919 1724 1075 1780 longae
1126 1724 1330 1781 adjectivi
1381 1722 1549 1764 θνατῶν
1600 1726 1736 1779 atque

155 1785 358 1830 ostendat
387 1784 559 1840 syllaba
589 1798 747 1841 anceps
779 1784 900 1841 prius
932 1784 1072 1828 colum
1103 1784 1220 1827 finiri
1246 1787 1292 1828 et
1321 1784 1511 1841 incipere
1533 1783 1733 1827 alterum.

154 1843 322 1887 Deinde
369 1858 455 1918 pro
496 1843 691 1900 {ammoy
738 1859 791 1888 ex
835 1844 1016 1900 Reisigii
1062 1845 1319 1887 auctoritate
1367 1843 1559 1900 reposita
1604 1842 1735 1886 simili

155 1903 350 1947 forma»
331 1902 613 1961 »durham«
650 1908 832 1960 quartus
862 1919 1015 1949 versus
1051 1904 1184 1948 habet
1222 1918 1425 1948 numeros
1472 1903 1735 1955 trochaicos;

156 1964 291 2007 ceteri
320 1968 497 2021 praeter
528 1963 770 2007 extremum
790 1978 994 2008 numeros
1022 1964 1438 2021 dactylotrochaicos
1466 1964 1734 2031 amplecten-

152 2027 243 2066 tem
282 2028 385 2067 sunt
422 2024 845 2080 anapaestoiambici.
909 2018 968 2068 Hi
998 2024 1169 2068 numeri
1199 2023 1411 2083 Aeschylo
1448 2023 1521 2067 vix
1548 2027 1735 2081 possunt

154 2083 302 2126 tribui.
365 2083 563 2140 Namque
596 2098 863 2141 quamquam
895 2098 993 2127 cum
1024 2098 1201 2140 agerem
1231 2084 1286 2128 de
1317 2085 1511 2127 numeris
1541 2099 1609 2127 vv.
1646 2085 1733 2127 128

152 2158 261 2200 sqq.,
310 2149 571 2202 anapaestos
609 2160 694 2188 non
726 2159 904 2201 prorsus
952 2144 1115 2188 alienos
1152 2159 1245 2188 esse
1284 2144 1411 2188 docui
1441 2144 1497 2188 ab
1524 2143 1734 2201 Aeschyli

152 2204 351 2257 canticis,
384 2209 535 2249 tamen
567 2205 708 2249 solent
737 2205 897 2249 habere
930 2203 1062 2248 aliam
1092 2204 1278 2249 formam
1309 2208 1442 2261 atque
1472 2204 1554 2247 hoc
1584 2204 1730 2248 Prom.

151 2263 326 2307 fabulae
364 2279 551 2309 carmen.
629 2265 744 2308 Nam
780 2269 959 2322 praeter
996 2268 1254 2321 anapaestos
1287 2268 1332 2309 et
1362 2265 1529 2308 iambos
1565 2264 1732 2307 immis-

152 2327 308 2368 centur
337 2325 469 2368 etiam
507 2324 689 2382 dactyli3
737 2330 837 2382 qua
853 2339 902 2369 re
934 2324 1104 2370 duobus
1133 2325 1291 2369 ictibus
1331 2325 1526 2381 proxime
1574 2338 1731 2368 conve-

150 2384 373 2428 nientibus
409 2386 567 2428 mirum
599 2389 812 2440 quantum
842 2386 994 2441 augeri
1023 2386 1111 2429 vim
1137 2388 1270 2443 atque
1307 2385 1571 2441 gravitatem
1592 2385 1733 2441 quivis

151 2444 327 2489 sentiet:
368 2444 445 2490 sed
474 2445 556 2490 hoo
585 2445 649 2488 in,
669 2445 859 2490 carmine
891 2445 1062 2489 numeri
1098 2448 1190 2489 tam
1220 2444 1390 2503 placide
1429 2444 1653 2501 profluunt
1683 2448 1734 2487 ut

150 2506 213 2549 vis
258 2505 499 2563 Aeschylea
525 2520 726 2562 ,prorsus
777 2506 1063 2551 desideretur.
1152 2505 1320 2551 Deinde
1370 2506 1417 2549 in
1468 2505 1732 2550 carminibus

149 2564 399 2624 Aeschyleis
429 2566 677 2624 anapaesti,
725 2566 974 2625 interpositi
1004 2567 1181 2620 iambiS,
1221 2566 1377 2610 horum
1408 2566 1550 2610 locum
1580 2569 1732 2609 tenere

149 2626 372 2669 videntur:
405 2627 487 2671 hoc
516 2631 665 2671 tamen
694 2627 740 2670 in
771 2627 939 2671 cantico
970 2631 1073 2671 sunt
1102 2628 1230 2685 pauci
1259 2627 1394 2671 iambi
1424 2630 1558 2683 atque
1589 2626 1733 2679 locum

147 2686 389 2745 principem
439 2690 593 2731 tenent
642 2687 880 2744 anapaesti.
962 2687 1119 2745 Itaque
1154 2687 1413 2744 adstipulor
1455 2685 1732 2743 Westphalio

149 2760 353 2790 numeros
385 2748 441 2790 ab
472 2747 685 2803 Aeschylo
716 2748 1027 2804 abjudicandos
1058 2748 1267 2791 censenti.

271 2805 359 2853 Sed
396 2810 568 2853 restant
605 2806 736 2866 epodi
766 2821 820 2851 ex
850 2823 890 2851 v.
924 2808 1012 2851 899
1056 2807 1303 2864 incipientis
1334 2806 1525 2859 numeri,
1575 2807 1649 2863 qui
1679 2809 1731 2848 ut

1394 2925 1418 2961 5
