2003 3216
340 1397 621 1480 Dissertatio
659 1449 791 1492 quam
827 1450 924 1478 sum
961 1436 1200 1492 scripturus
1240 1435 1294 1479 de
1326 1429 1531 1492 Aeschyli
1566 1436 1807 1492 tragoediis

225 1498 414 1552 quatuor
443 1497 593 1552 partes
622 1494 773 1537 habet:
823 1494 983 1551 quibus
1014 1508 1068 1538 ex
1098 1494 1299 1552 partibus
1338 1495 1451 1538 duae
1488 1496 1713 1552 pertinent
1748 1496 1809 1539 ad·

226 1556 403 1612 Septem
432 1556 478 1597 in
498 1554 665 1598 Thebas
695 1553 902 1607 fabulam,
936 1554 1049 1598 duae
1070 1555 1128 1597 ad
1148 1555 1457 1598 Prometheum
1477 1556 1684 1599 vinctum.
1734 1555 1807 1598 Sic

224 1620 372 1658 autem
401 1629 494 1658 rem
523 1615 751 1657 instituam
780 1618 831 1657 ut
860 1615 906 1657 in
935 1615 1078 1671 prima
1108 1618 1154 1657 et
1184 1615 1317 1658 tertia
1345 1615 1544 1671 partibus
1578 1615 1720 1658 dicam
1750 1615 1805 1659 de

223 1675 631 1732 interpolationibus
661 1674 824 1731 injuste
855 1674 911 1718 ab
942 1674 1256 1731 interpretibus
1285 1675 1484 1718 statutis:
1517 1689 1706 1733 namque
1729 1675 1807 1719 illa

224 1736 269 1777 in
300 1734 528 1791 tragoedia
558 1734 667 1777 duas
699 1734 893 1777 diversas
923 1735 1121 1778 fictiones
1153 1738 1286 1791 atque
1316 1735 1502 1778 invicem
1534 1750 1630 1778 sese
1659 1736 1806 1778 exclu-

225 1795 379 1839 dentes
411 1795 576 1838 servari
605 1795 854 1851 nuperrime
884 1795 952 1839 vir
987 1794 1167 1851 quidam
1199 1794 1353 1838 doctus
1387 1794 1622 1851 judicavit,
1663 1795 1726 1839 sic
1755 1799 1807 1839 ut

224 1854 279 1897 ab
301 1869 387 1897 uno
409 1854 648 1911 eodemque
669 1858 800 1911 poeta
819 1868 907 1897 non
926 1858 1107 1911 possent
1128 1868 1222 1897 esse
1238 1854 1479 1911 profectae;
1499 1869 1642 1912 neque
1663 1856 1807 1898 minus

224 1914 364 1958 altera
400 1915 446 1958 in
477 1914 703 1970 tragoedia
738 1914 956 1971 interpres
989 1913 1168 1971 quidam
1205 1928 1346 1972 nuper
1377 1913 1571 1958 diversas
1608 1914 1807 1958 fictiones

224 1976 442 2017 invenisse
474 1974 559 2016 sibi
588 1975 706 2016 visus
738 1978 817 2025 est,
851 1978 983 2030 atque
1014 1988 1280 2029 quamquam
1310 1975 1405 2029 ipse
1426 1988 1497 2017 res
1519 1975 1715 2017 diversas
1737 1975 1804 2017 di-

223 2034 360 2078 versis
399 2033 667 2092 temporibus
704 2032 759 2077 ab
797 2033 892 2092 ipso
923 2032 1136 2092 Aeschylo
1174 2033 1443 2090 excogitatas
1481 2047 1577 2078 esse
1622 2034 1804 2087 censuit,

223 2094 349 2137 facile
370 2099 518 2136 tamen
540 2096 695 2149 siquis
717 2094 925 2136 concedet
951 2095 1175 2136 fictionum
1203 2094 1521 2146 diversitatem,
1555 2095 1808 2150 opinabitur

225 2167 321 2197 eam
353 2152 504 2198 deberi
536 2152 717 2197 diversis
755 2152 917 2210 poetis3
964 2152 1166 2210 adjiciam
1203 2155 1353 2197 autem
1389 2166 1531 2210 pauca
1567 2153 1654 2197 alia
1691 2167 1805 2212 quae

224 2215 422 2269 quamvis
444 2214 708 2256 abhorreant
729 2227 756 2255 a
775 2214 1017 2256 rationibus
1049 2214 1145 2255 aliis
1176 2214 1222 2255 in
1252 2213 1414 2255 fabulis
1445 2218 1602 2269 poetae
1625 2216 1801 2266 sanctis,

223 2272 305 2315 hoc
335 2276 483 2316 tamen
513 2273 609 2330 ipso
639 2272 746 2315 mihi
776 2272 955 2329 quidem
984 2286 1070 2315 non
1103 2272 1285 2328 indigna
1312 2272 1529 2315 videntur.
1582 2273 1634 2316 In
1666 2273 1807 2317 altera

230 2337 275 2376 et
313 2337 472 2390 quarta
513 2334 712 2390 partibus
750 2332 891 2376 dicam
928 2332 982 2375 iis
1020 2332 1075 2376 de
1112 2332 1523 2390 interpolationibus
1571 2348 1682 2390 quas
1720 2333 1807 2377 duo

228 2397 404 2437 nostrae
437 2393 691 2451 disciplinae
722 2393 938 2450 principes
970 2407 1048 2435 suo
1074 2393 1174 2449 jure
1207 2393 1413 2436 statuisse
1440 2393 1657 2437 videntur.
1712 2394 1804 2436 Has

227 2454 273 2496 in
294 2454 573 2510 quaestiones
593 2455 753 2497 iterum
772 2454 991 2510 inquirere
1008 2453 1251 2499 accuratius
1267 2453 1394 2509 juvat
1413 2453 1805 2507 vehementissime,

228 2513 347 2569 quod
383 2514 598 2569 Bergkius
638 2513 912 2569 conjecturae
950 2526 1083 2570 quam
1119 2513 1358 2570 publicavit
1390 2513 1445 2556 de
1478 2513 1599 2570 Sept.
1630 2514 1806 2557 fabulae

229 2574 348 2616 exitu
385 2573 441 2617 ab
473 2573 686 2631 Aeschylo
724 2573 1013 2631 abjudicando
1050 2588 1229 2630 prorsus
1267 2572 1411 2617 nullas
1442 2574 1594 2617 attulit
1631 2588 1807 2626 causas;

228 2632 283 2676 de
314 2633 456 2677 Prom.
490 2638 638 2678 autem
651 2631 653 2634 ’
667 2633 841 2677 fabulae
872 2633 1050 2676 canticis
1080 2632 1390 2691 Westphalius‚
1424 2634 1501 2691 qui
1530 2634 1697 2691 primus
1724 2648 1805 2678 ne-

230 2694 348 2747 gavit
374 2707 426 2736 ea
458 2708 555 2738 esse
583 2693 835 2751 Aeschylea‚
867 2693 1121 2737 brevissime
1152 2708 1251 2737 cum
1281 2697 1433 2748 ageret
1462 2694 1519 2737 de
1542 2693 1808 2738 Graecorum

229 2756 324 2796 arte
356 2754 548 2808 metrica,
580 2768 653 2798 eas
684 2757 858 2797 tantum
888 2753 1147 2810 significavit
1168 2766 1322 2797 causas
1353 2767 1466 2812 quae
1496 2755 1721 2811 pertinent
1750 2754 1808 2798 ad

228 2827 299 2855 res
330 2815 551 2857 metricas:
600 2815 655 2858 de
688 2813 926 2857 carminum
962 2818 1219 2869 argumento
1256 2814 1365 2857 nihil
1403 2814 1588 2858 addidit.
1649 2815 1678 2857 J
1679 2829 1750 2858 am
1781 2829 1809 2857 a

228 2871 496 2930 praefatione
528 2888 660 2932 quam
690 2874 908 2932 praemisi,
941 2877 991 2917 ut
1013 2874 1259 2918 universam
1287 2887 1435 2917 rerum
1456 2873 1807 2917 distributionem

227 2934 529 2987 significarem,
567 2935 625 2992 ad
654 2935 795 2990 ipsam
827 2934 1179 2978 dissertationem
1211 2938 1500 2977 transeamus,

1474 3014 1520 3055 1*
