2003 3216
783 138 841 146 ,.
885 88 977 172 ,63
1024 137 1080 147 ..-

145 245 333 302 priorem
347 244 535 302 partem,
551 241 784 298 logaoedos
800 242 1145 309 amplectentem,
1161 255 1313 288 versus
1326 240 1544 294 trochaici,
1563 241 1721 297 quibus

147 319 200 348 ex
215 301 542 358 versibusprior
557 305 624 345 est
638 303 837 346 trimeter
850 302 1094 346 trochaicus
1110 302 1400 354 catalecticus,
1410 302 1523 345 alter
1538 302 1723 345 dimeter

145 363 384 407 trochaicus
427 361 713 413 acatalectus3
758 355 1081 419 subsequuntur
1123 363 1207 406 duo
1247 362 1421 406 dimetri
1465 360 1719 413 catalectici,

145 438 256 467 unus
286 423 485 466 trimeter
515 422 813 474 catalecticus3
843 422 1038 467 clausula
1067 425 1216 466 autem
1247 426 1313 466 est
1342 436 1492 466 versus
1522 422 1722 464 trimeter

144 483 356 529 iambicus
402 483 477 539 qui
517 486 562 527 et
595 483 642 526 in
676 483 765 527 fine
810 484 939 527 metri
983 483 1141 541 prioris
1187 487 1233 527 et
1278 483 1324 526 in
1369 481 1550 527 alterius
1596 482 1720 525 initio

144 545 277 588 habet
307 543 554 589 catalexim.
621 544 757 587 Porro
786 544 832 587 in
863 544 986 600 Eum.
1018 544 1193 601 fabulae
1225 544 1414 587 carmine
1447 543 1565 600 quod
1596 546 1664 586 est
1695 556 1721 585 a

145 621 186 649 v.
216 604 305 648 486
351 603 468 647 inter
512 603 620 647 alios
665 618 816 648 versus
847 602 1101 657 trochaicOS,
1150 604 1226 661 qui
1271 603 1413 647 solent
1450 603 1612 647 habere
1649 603 1720 646 vel

143 665 334 721 priorem
353 664 423 707 vel
444 664 629 707 alteram
647 664 842 717 formam,
865 659 977 721 unus
991 681 1032 708 v.
1049 666 1137 708 492
1154 668 1223 708 est
1238 665 1423 708 dimeter
1439 664 1717 707 acatalectua

144 723 296 779 Neque
326 722 383 766 ab
414 723 620 781 Euripide
656 724 832 781 quidem
861 724 932 777 liic
962 738 1114 769 versus
1150 725 1340 768 maxime
1376 724 1553 767 sedatus
1589 737 1718 780 saepe

145 788 213 828 est
242 784 424 841 positus.
493 784 691 840 Namque
721 785 767 828 in
797 780 961 829 Phoen.
991 784 1166 829 fabulae
1193 785 1390 828 carmine
1429 783 1546 840 quod
1577 788 1644 827 est
1673 785 1719 826 in

143 860 210 888 vv.
233 845 321 887 239
343 858 439 900 sqq.
460 859 609 888 versus
631 846 837 888 dimetros
867 845 1105 888 trochaicos
1135 844 1422 896 catalecticos,
1456 845 1532 899 qui
1559 845 1719 901 septies

145 918 240 948 sese
272 904 504 962 excipiunt,
539 908 583 949 et
613 907 787 949 versum
808 904 1093 962 spondiacum
1123 903 1403 960 subsequitur
1433 918 1547 947 unus
1565 917 1717 947 versus

144 965 330 1007 dimeter
343 964 588 1007 trochaicus
607 966 877 1008 acatalectus
893 963 952 1022 (v.
971 965 1093 1020 247),
1110 979 1200 1007 una
1213 965 1482 1020 pentapodia
1496 964 1718 1008 trochaica

145 1024 303 1082 etipsa
322 1024 576 1077 acatalecta‚
600 1024 820 1069 clausulae
840 1024 935 1070 loco
952 1024 1136 1068 dimeter
1155 1023 1401 1068 trochaicus
1421 1023 1716 1067 catalecticus,

144 1085 195 1127 In
225 1084 402 1128 fabulae
435 1085 628 1142 ejusdem
660 1085 799 1142 epodo
838 1099 952 1140 quae
985 1089 1053 1128 est
1084 1099 1112 1127 a
1141 1099 1273 1128 versu
1302 1086 1390 1128 676
1421 1086 1538 1128 inter
1566 1098 1718 1128 versus

142 1144 385 1187 trochaicos
406 1144 684 1189 catalecticos
706 1148 751 1188 et
771 1144 1001 1188 nonnullos
1022 1145 1230 1187 iambicos
1249 1144 1411 1199 legitur
1432 1158 1545 1186 unus
1566 1160 1606 1187 v.
1630 1145 1717 1187 678

145 1205 327 1248 dimeter
346 1205 588 1248 trochaicus
610 1205 888 1248 acatalectus.
930 1204 1138 1262 Ejusdem
1157 1204 1322 1248 formae
1341 1218 1491 1248 versus
1512 1203 1719 1248 trochaici

143 1267 246 1307 sunt
276 1264 424 1321 plures
455 1266 500 1308 in
532 1265 798 1308 carminibus
832 1265 1210 1316 antecedentibust,
1248 1279 1433 1321 quorum
1462 1265 1584 1321 prior
1612 1278 1718 1321 pars

142 1328 239 1367 tota
274 1324 366 1368 fere
405 1329 473 1369 est
527 1327 768 1382 composita
815 1340 868 1369 ex
899 1325 1096 1369 dimetris
1147 1324 1433 1376 catalecticis3
1486 1325 1719 1368 acatalecti

144 1385 379 1428 intermisti
405 1389 508 1428 sunt
528 1400 594 1429 vv.
619 1386 705 1429 645
728 1385 796 1443 (==
817 1386 936 1438 664),
970 1386 1058 1428 649
1079 1382 1147 1443 (=
1163 1383 1290 1443 668);
1323 1389 1367 1427 et
1388 1401 1456 1428 vv.
1480 1385 1714 1428 640—641

143 1444 209 1500 (=
231 1443 501 1503 659—660),
535 1446 610 1500 qui
641 1446 815 1500 quidem
841 1445 1116 1502 potissimum
1147 1445 1309 1488 cadunt
1338 1448 1533 1487 nostram
1562 1446 1608 1487 in
1630 1445 1717 1488 dis-

140 1505 425 1560 putationem.
487 1504 662 1548 Etenim
698 1506 943 1561 quicunque
980 1505 1173 1550 carmina
1208 1504 1444 1561 Euripidea
1469 1505 1719 1548 recitaverit

143 1579 246 1608 voce
286 1565 395 1618 alta,
444 1566 605 1609 sentiet
650 1569 918 1622 quantopere
964 1566 1170 1625 proximis
1214 1566 1410 1609 versibus
1456 1565 1718 1608 catalecticis

140 1629 373 1683 superetur
392 1626 458 1670 vis
478 1626 793 1670 trochaicorum
812 1640 1017 1671 versuum
1038 1625 1373 1670 acatalectorum
1388 1640 1480 1669 sese
1502 1626 1717 1683 excipien-

140 1687 263 1730 tium.
325 1686 383 1730 Et
402 1686 509 1730 haec
539 1687 814 1743 potissimum
833 1688 897 1731 vis
925 1686 1067 1730 fracta
1087 1686 1270 1731 offendit
1290 1688 1457 1730 animos
1477 1687 1553 1730 illa
1573 1687 1715 1730 Prom.

139 1745 312 1791 fabulae
352 1747 544 1791 carmina
587 1747 843 1803 legentium:
891 1762 1069 1805 prorsus
1106 1745 1233 1791 deest
1267 1746 1346 1790 illa
1370 1744 1715 1804 μεγαλοπρέπεια,

141 1820 253 1860 quae
299 1811 350 1849 ut
392 1807 500 1849 nihil
547 1808 684 1850 dicam
730 1808 784 1849 de
831 1809 1091 1850 carminibus
1136 1811 1313 1864 praeter
1356 1809 1497 1862 ipsam
1546 1811 1717 1863 partem

140 1865 404 1910 trochaicam
435 1867 570 1910 etiam
601 1866 712 1910 alius
745 1867 915 1922 generis
945 1881 1147 1911 numeros
1177 1866 1559 1924 amplectentibus,
1598 1866 1716 1924 apud

139 1925 401 1982 Aeschylum
432 1927 543 1969 solet
564 1928 682 1981 gigni
701 1928 897 1982 proxime
918 1928 1166 1983 compositis
1198 1931 1243 1969 et
1264 1927 1461 1969 dimetris
1488 1927 1716 1969 trochaicis

139 1985 229 2029 sive
277 1986 543 2030 dicatalectis
589 1987 678 2030 sive
726 1986 980 2044 simpliciter
1027 1986 1288 2030 catalecticis
1325 1990 1371 2029 et
1401 1985 1612 2029 trimetris
1645 2000 1716 2029 ca-

138 2046 362 2088 talecticis.
414 2047 480 2089 De
516 2046 682 2088 ultimis
719 2051 867 2089 autem
901 2046 1125 2090 versiculis
1155 2047 1416 2101 logaoedicis
1444 2046 1551 2089 nihil
1575 2046 1715 2090 habeo

139 2105 257 2159 quod
302 2107 476 2150 addam:
525 2120 712 2162 namque
750 2106 822 2150 lex
860 2110 928 2151 est
963 2106 1164 2150 omnibus
1210 2107 1352 2164 poetis
1398 2106 1635 2150 communis
1665 2110 1717 2149 ut

137 2166 368 2222 subjiciant
413 2167 604 2210 numeris
649 2167 719 2210 vel
764 2167 958 2215 iambicis
1001 2167 1071 2211 vel
1114 2167 1342 2210 trochaicis
1388 2167 1604 2210 clausulas
1650 2167 1715 2209 lo-

139 2226 378 2279 gaoedicas.

257 2286 357 2329 Jam
387 2289 664 2330 transeamus
695 2288 751 2331 ad
783 2288 969 2344 epodum
1000 2288 1356 2343 subsequentem,
1391 2300 1506 2343 quae
1529 2286 1710 2344 epodus,

138 2348 188 2388 ut
219 2360 353 2403 supra
383 2347 521 2399 docui,
569 2348 718 2391 multis
755 2348 979 2391 doctorum
1024 2348 1283 2405 conjecturis
1328 2350 1561 2404 temptata,
1608 2347 1715 2390 mihi

139 2405 316 2460 quidem
335 2406 388 2448 iis
419 2410 591 2449 tantum
611 2408 792 2451 medelis
811 2407 985 2451 videtur
1005 2422 1101 2451 esse
1122 2407 1317 2451 sananda
1338 2422 1449 2463 quae
1475 2411 1715 2464 poscuntur

138 2466 455 2515 sententiarum
500 2481 710 2511 connexu.
785 2467 934 2511 Laude
979 2467 1114 2523 igitur
1149 2467 1308 2523 dignae
1341 2471 1443 2510 sunt
1472 2467 1714 2511 Hermanni

138 2526 411 2582 conjecturae
441 2527 702 2582 ingeniosae,
734 2531 914 2584 propter
944 2528 1261 2571 sententiarum
1292 2542 1533 2572 connexum
1563 2541 1713 2570 neces-

137 2586 275 2629 sariae
321 2587 508 2642 ideoque
554 2588 647 2630 sine
695 2588 824 2630 dubio
870 2587 1159 2645 recipiendae.
1236 2587 1348 2631 Nam
1394 2588 1590 2644 reposuit
1619 2587 1712 2630 loco

135 2643 334 2689 lectionis
364 2650 592 2702 corruptae
619 2642 799 2688 ἍτλανιῬ
830 2645 880 2692 ὅς
907 2648 1144 2702 genitivum
1171 2644 1397 2697 Ἄτλαντος,
1430 2662 1560 2702 quem
1592 2648 1713 2702 geni·

136 2705 274 2749 tivum
321 2707 566 2752 desiderant
596 2708 806 2752 vocabula
851 2705 1055 2767 ὑπέροχον
1100 2705 1250 2754 σθένος
1292 2706 1486 2765 κραταιόν
1493 2724 1509 2759 ,·
1554 2706 1712 2751 deinde

136 2770 370 2823 postquam
400 2768 595 2812 restituit
626 2783 680 2812 ex
707 2766 794 2816 αἰέν
824 2768 1289 2813 vocula-accusativum
1314 2770 1400 2822 γᾶν,
1424 2772 1470 2811 et
1490 2768 1712 2813 desidera-1

135 2829 230 2870 tum
260 2829 727 2886 propterparticulam
761 2843 805 2870 τε
835 2843 947 2885 quae
979 2833 1048 2873 est
1075 2830 1121 2872 in
1142 2829 1288 2873 codice
1319 2833 1420 2886 post
1450 2826 1636 2886 οὐράνιον
1667 2832 1713 2875 et

68 2948 69 2951 Ἰ
136 2889 486 2933 commendatum
530 2906 569 2934 v.
602 2891 709 2942 353,
756 2891 1025 2947 transposuit
1070 2891 1245 2934 voculas
1293 2888 1341 2935 ὃς
1375 2891 1451 2944 γᾶν
1473 2934 1476 2936 ,
1496 2889 1541 2932 in
1587 2890 1713 2938 initio
