2003 3216
854 81 1151 125 -66-

207 213 315 256 satis
350 216 597 270 appareant
615 213 724 257 mihi
752 212 885 257 liceat
916 215 1159 259 exscribere
1189 214 1336 266 verba,
1370 228 1482 270 quae
1514 214 1673 257 ommia
1703 210 1812 257 fere'

202 273 368 317 retinui
400 287 454 317 cx
486 273 646 317 codicis
677 273 934 317 traditione:

524 332 613 390 ἐμοὶ
643 332 682 376 δ’
712 333 781 375 ὅτε
805 333 884 390 μὲν
915 333 1067 391 ὁμαλὸς
1094 349 1119 375 ο
1150 334 1285 391 γάμος,

524 392 687 450 ἄφοβος
713 392 762 434 οὐ
793 393 910 436 δέδια
935 394 1048 453 μηδὲ
1074 393 1320 452 κρεισσόνων

524 451 652 504 θεῶν,
685 450 795 510 ἔρως
822 451 999 511 ἄφυκτον
1031 451 1140 512 ὄμμα
1172 452 1419 512 προσδράκοι
1442 469 1510 511 με.

524 513 653 556 ἀπόλε
680 526 728 562 ος
755 512 830 555 ὅδε
861 513 921 568 γ’ὂ
952 514 1126 571 πόλεμος
1154 513 1292 572 ἄπορα
1323 513 1491 573 πόρῳος

520 572 609 616 ουδ’
690 589 727 615 ω
757 572 815 623 τίς
842 572 892 616 ἂν
922 573 1120 632 γενοίμαν·

662 633 724 683 ιὸς
749 633 828 692 γὰρ
859 633 939 693 οὐχ
968 635 1059 692 ὁρῶ

517 696 636 753 μῆτιν
667 694 751 751 ὅπᾳ
782 693 940 752 φύγοιμ’
972 693 1034 738 ἄν.

201 753 329 797 Prior
365 754 504 809 igitur
548 768 699 798 versus
738 759 807 797 681;
838 755 1023 798 dimeter
1067 755 1296 807 iambicus,
1345 756 1503 799 tertius
1535 758 1581 798 et
1612 759 1794 811 quartus

201 814 392 857 trimetri
437 813 612 858 iambici
657 814 746 857 sive
778 813 1198 872 hypercatalecticus
1237 815 1328 858 sive
1368 815 1670 866 catalecticus;
1718 816 1793 872 qui

203 875 535 930 subsequuntur
580 886 733 918 versus
776 879 878 918 sunt
910 875 1085 919 dimetri
1131 875 1339 919 trochaici
1386 876 1476 919 sive
1524 875 1794 919 acatalectus

201 935 292 977 sive
315 934 618 986 catalecticus3
650 932 852 977 clausula
874 939 942 978 est
962 936 1162 979 trimeter
1182 935 1473 990 logaoedicus,
1509 935 1622 978 alter
1644 938 1792 979 autem

201 1008 355 1039 versus
387 998 453 1039 cst
490 996 691 1039 trimeter
728 994 972 1039 trochaicus
985 1030 995 1050 ,
1045 996 1167 1053 cujus
1213 999 1356 1039 metra
1385 996 1565 1039 tertium
1597 999 1642 1039 et
1672 996 1793 1052 prius

202 1059 307 1099 sunt
337 1055 607 1098 catalectica.
672 1056 764 1099 Hos
795 1070 1001 1099 numeros
1023 1056 1078 1099 ab
1100 1056 1311 1113 Aeschylo
1344 1056 1510 1100 alienos
1540 1070 1635 1099 esse
1666 1071 1793 1100 nemo

201 1116 368 1173 poterit
399 1117 644 1169 ostendere,
695 1119 829 1172 atque
867 1117 961 1173 ipse
992 1116 1290 1173 Westphalius
1336 1117 1515 1173 negavit
1546 1131 1620 1161 eos
1652 1116 1708 1160 ab
1741 1132 1793 1162 eo

202 1191 333 1232 posse
380 1176 637 1233 abjudicari.
716 1177 829 1219 Nam
869 1181 914 1220 et
950 1177 1198 1220 iamborum
1243 1177 1441 1234 syllabae
1487 1177 1642 1233 longae
1677 1179 1795 1234 apud

204 1251 318 1290 eum,
353 1239 404 1280 ut
424 1236 617 1281 reddant
637 1237 770 1280 animi
793 1237 1017 1293 quandam
1038 1237 1346 1291 turbationem,
1381 1237 1608 1282 solvuntur
1628 1238 1794 1294 saepis-

202 1298 309 1340 sime
342 1302 386 1340 et
415 1312 564 1340 versus
595 1298 804 1340 trochaici
834 1311 922 1340 non
953 1299 1081 1341 modo
1112 1298 1412 1340 immiscentur
1449 1298 1666 1349 iambicis,
1717 1298 1794 1341 sed

203 1357 336 1400 etiam
366 1360 418 1399 ut
448 1372 488 1400 v.
524 1358 610 1401 902
648 1358 694 1400 in
733 1357 1052 1401 sententiarum
1091 1361 1136 1401 et
1166 1373 1207 1401 v.
1242 1355 1493 1402 903—904
1523 1358 1568 1400 in
1599 1357 1794 1413 ipsarum

203 1417 485 1474 stropharum
517 1418 638 1461 exitu
683 1421 919 1474 ponuntur.
998 1418 1208 1461 Attamen
1246 1422 1485 1473 potuerunt
1515 1418 1579 1461 illi
1624 1419 1796 1462 numeri

203 1478 339 1521 etiam
369 1481 471 1535 post
501 1478 763 1536 Aeschylum
797 1479 1015 1535 componi:
1051 1479 1213 1522 etenim
1243 1479 1337 1535 ipse
1366 1477 1664 1534 Westphalius
1696 1492 1795 1522 cum

202 1542 355 1594 ageret
393 1538 448 1582 de
494 1539 763 1595 tragicorum
807 1539 1100 1594 posteriorum
1132 1538 1323 1596 strophis
1369 1538 1579 1591 iambicis,
1626 1539 1796 1583 monuit

202 1598 377 1643 iambos
409 1598 671 1657 Aeschyleos
702 1603 793 1642 tam
825 1599 996 1643 firmam
1037 1600 1184 1644 sedem
1217 1599 1302 1642 sibi
1331 1613 1512 1655 parasse
1542 1601 1589 1643 in
1621 1602 1794 1655 tragoe-

205 1660 289 1703 diis
312 1663 372 1703 ·ut
402 1659 635 1716 Euripides
657 1661 713 1703 'in
743 1660 995 1704 universum
1028 1664 1072 1704 et
1102 1661 1196 1716 ipse
1230 1674 1302 1703 eos
1332 1660 1599 1713 imitaretur,
1640 1674 1795 1715 quam-

207 1734 342 1776 quam
374 1734 473 1762 cum
507 1720 595 1763 alia
627 1735 706 1763 suo
739 1734 793 1763 ex
825 1720 1008 1763 arbitrio
1039 1722 1271 1763 immutare
1312 1720 1491 1774 soleret,
1539 1725 1634 1764 tum
1666 1721 1795 1763 sicuti

204 1780 305 1823 aliis
336 1780 381 1822 in
412 1781 601 1837 strophis
623 1781 765 1823 rarius
786 1795 949 1837 ponere
982 1781 1214 1824 catalexim
1242 1781 1512 1824 interiorem:
1546 1781 1627 1824 hac
1648 1784 1795 1824 autem

207 1840 400 1883 catalexi
432 1845 585 1884 carent
617 1842 753 1884 etiam
784 1841 849 1883 illi
870 1841 1014 1884 Prom.
1048 1841 1226 1884 fabulae
1257 1840 1407 1884 iambi.
1473 1841 1559 1884 Sed
1581 1856 1635 1885 ex
1665 1840 1796 1884 rebus

204 1901 400 1944 metricis
446 1916 545 1945 mea
590 1902 810 1945 sententia
857 1916 943 1945 non
992 1906 1139 1959 potest
1185 1901 1375 1945 discerni
1417 1906 1570 1950 ,utrum
1608 1901 1664 1944 ab
1702 1902 1795 1958 ipso

203 1961 422 2018 Aeschylo
453 1962 651 2018 profecta
683 1963 742 2005 sit
774 1963 940 2018 epodus
972 1977 1121 2006 necne.

334 2021 461 2065 Nunc
509 2026 649 2065 restat
695 2025 745 2065 ut
788 2022 980 2079 judicem
1028 2022 1082 2066 de
1129 2023 1400 2066 canticorum
1449 2025 1706 2077 argumento
1754 2026 1799 2065 et

204 2082 421 2124 oratione.
501 2082 646 2137 Atque
694 2082 951 2125 exordiatur
996 2083 1238 2138 disputatio
1280 2082 1337 2124 ab
1385 2096 1436 2125 eo
1468 2082 1635 2124 cantico
1683 2082 1798 2137 quod

204 2145 273 2184 est
313 2155 341 2184 a
372 2157 411 2185 v.
454 2141 555 2186 401.
635 2141 837 2198 Namque
885 2143 1132 2186 sententiae
1180 2156 1417 2200 earumque
1471 2156 1690 2186 connexus
1737 2142 1799 2186 sic

204 2203 440 2245 concinunt
482 2217 580 2245 cum
614 2202 892 2259 antistropha
930 2217 1045 2258 quae
1079 2207 1144 2246 est
1173 2204 1219 2245 in
1250 2218 1318 2246 vv.
1356 2203 1439 2245 145
1473 2217 1582 2258 sqq.,
1630 2206 1681 2244 ut
1711 2217 1799 2245 non

204 2261 414 2306 credibile
461 2263 666 2306 videatur
697 2262 784 2306 duo
824 2264 1025 2306 earmina
1057 2262 1207 2306 deberi
1237 2263 1314 2306 uni
1352 2263 1579 2320 eidemque
1624 2265 1797 2319 poetae.

204 2322 381 2365 Etenim
413 2337 682 2379 quamquam
715 2327 850 2366 antea
881 2325 1072 2379 virgines
1105 2323 1338 2366 edixerunt
1369 2337 1464 2366 sese
1492 2322 1801 2367 Prometheum

203 2383 398 2426 vinctum
446 2383 556 2426 adeo
601 2384 797 2426 miserari
845 2387 896 2426 ut
938 2383 1132 2427 lacrimis
1179 2388 1426 2440 temperare
1473 2397 1561 2425 non
1606 2387 1798 2439 possent,

205 2447 359 2486 tamen
405 2442 525 2486 idem
572 2442 797 2486 affirmant
834 2443 881 2485 in
911 2459 979 2487 vv.
1014 2443 1266 2487 401—404.
1346 2442 1458 2494 Quid
1496 2442 1615 2498 quod
1661 2443 1802 2486 altera

204 2517 323 2558 pars,
357 2502 495 2560 priori
529 2504 703 2546 adnexa
734 2503 953 2560 particula
984 2502 1085 2560 γάρ,
1131 2504 1177 2546 ιιι
1210 2502 1422 2546 alterutro
1460 2502 1652 2545 carmine
1682 2502 1801 2546 idem

204 2563 296 2606 fere
330 2563 538 2606 continet.
617 2563 669 2605 In
700 2564 835 2619 priori
868 2564 984 2606 enim
1016 2564 1118 2606 novi
1150 2563 1309 2606 domini
1348 2563 1394 2605 in
1426 2561 1610 2619 Olympo
1648 2563 1800 2606 sedere

206 2623 411 2666 dicuntur
450 2627 494 2666 et
524 2623 698 2679 Jupiter
735 2623 1014 2680 potissimum
1051 2637 1239 2679 regnare
1277 2637 1389 2666 novo
1431 2622 1716 2678 inauditoque
1748 2636 1801 2666 ex

205 2684 408 2727 arbitrio:
452 2684 527 2739 qui
558 2687 706 2727 autem
737 2687 870 2727 antea
899 2683 1065 2728 fuerint
1095 2684 1358 2741 superiores,
1400 2698 1472 2726 eos
1503 2697 1620 2726 nunc
1650 2682 1800 2726 deleri.

204 2743 330 2788 Idem
367 2743 459 2788 fere
498 2744 764 2801 profitentur
793 2748 947 2802 postea
986 2745 1178 2801 virgines
1225 2744 1424 2788 eaedem:
1474 2758 1570 2788 sese
1601 2742 1802 2787 lacrimas

204 2803 390 2849 fundere
428 2805 553 2849 aiunt
591 2808 774 2863 propter
803 2805 1141 2858 Prometheum·
1181 2819 1283 2851 nam
1320 2805 1348 2849 J
1349 2819 1474 2849 ovem
1511 2818 1590 2848 suo
1626 2804 1802 2873 proprio

210 2879 265 2908 ex
297 2865 480 2909 arbitrio
512 2870 784 2923 regnantem,
817 2867 890 2910 vix
921 2869 973 2910 ut
1002 2866 1109 2910 ferri
1139 2866 1286 2924 possit,
1319 2861 1386 2909 uti
1411 2866 1457 2908 in
1481 2878 1554 2909 eos
1577 2865 1652 2922 qui
1672 2867 1805 2909 antea
