2003 3216
851 131 1115 174 ,9,-

195 278 248 306 ex
294 263 459 319 judicio
510 262 785 307 desideretur
834 277 1072 319 pronomen
1123 262 1181 305 ad
1234 261 1487 317 πυλωμάτων
1537 262 1770 318 adjectum.

193 324 348 380 Itaque
378 322 484 366 mihi
514 323 679 367 arridet
710 322 851 366 Grotii
886 323 1135 380 conjectura
1167 317 1308 363 τῶνδε.
1370 322 1488 373 Quae
1526 323 1774 378 conjectura

194 384 267 436 sic,
300 386 351 426 ut
381 386 562 427 conatus
593 387 662 427 est
683 383 920 427 Richterus
950 399 992 440 p.
1026 384 1097 436 34,
1130 382 1314 426 refutari
1344 397 1432 425 non
1462 386 1620 440 potest.
1684 381 1772 425 Ne-

194 444 312 499 gavit
343 444 458 486 enim
489 444 695 500 quoniam
726 458 753 486 a
782 457 886 499 rege
906 447 1034 500 porta
1048 443 1142 499 jam
1169 457 1256 485 non
1284 446 1401 486 esset
1421 443 1653 500 appellata,
1688 442 1773 484 dici

193 504 323 547 aliam
352 503 438 547 nisi
469 518 566 547 eam
596 518 709 561 quae
741 507 859 547 esset
895 504 941 546 in
972 506 1226 560 conspectu
1237 503 1339 546 sita:
1388 503 1469 546 hoc
1498 506 1647 547 tamen
1677 502 1774 545 fieri

193 579 280 608 non
309 579 450 621 posse,
485 578 582 607 cum
614 567 730 607 esset
759 579 837 609 rex
867 564 914 607 in
944 574 1055 608 arce:
1102 562 1318 621 Equidem
1348 563 1477 607 modo
1508 564 1615 607 satis
1637 563 1771 618 signi-

193 625 346 668 ficasse
377 624 483 668 mihi
512 624 663 668 videor
693 639 782 682 qua
810 639 858 669 re
889 638 1128 682 pronomen
1161 622 1291 666 τῶνδε
1322 624 1709 668 commendaretur.

313 684 379 727 Ex
414 685 468 727 iis
506 699 619 741 quae
657 685 711 728 de
747 686 889 741 prima
927 689 972 729 et
1008 686 1141 729 tertia
1169 684 1357 728 Eteoclis
1396 684 1665 728 orationibus
1697 699 1772 727 ex-

193 745 320 803 posui
361 744 502 789 elucet
529 758 670 803 quam
706 745 889 789 infirmis
926 745 1067 788 causis
1104 745 1273 788 nitatur
1308 744 1385 788 illa
1420 745 1538 788 fictio
1585 758 1638 788 ex
1684 757 1773 801 qua

194 806 326 848 duces
357 807 403 848 in
434 820 565 848 scena
595 805 749 849 adesse
781 806 997 849 dicuntur.
1049 805 1206 848 Nullae
1234 820 1389 848 causae
1411 806 1495 848 nisi
1514 805 1773 861 pronomina

194 865 538 913 demonstrativa
575 879 671 909 eam
707 879 885 923 poscere
916 865 1138 909 videntur:
1187 865 1266 909 sed
1306 866 1353 909 in
1398 866 1531 909 tertia
1576 864 1772 909 oratione

194 926 294 968 talis
327 929 394 969 est
424 926 740 969 sententiarum
769 925 972 968 formatio
1003 930 1054 968 ut
1082 940 1321 981 pronomen
1355 926 1475 969 nullo
1513 926 1642 968 modo
1672 940 1772 981 per-

193 985 332 1029 tinere
370 985 510 1043 possit
547 985 604 1028 ad
640 985 781 1029 virum
818 984 1090 1036 Thebanum;
1127 985 1173 1028 in
1211 985 1346 1042 priori
1384 985 1579 1029 oratione
1618 998 1772 1042 quam-

193 1060 326 1102 quam
355 1061 443 1089 non
473 1050 565 1089 tam
595 1046 779 1088 firmiter
808 1049 956 1103 potest
980 1045 1170 1102 judicari
1201 1060 1333 1102 quam
1365 1046 1419 1089 de
1450 1045 1595 1098 tertia,
1627 1046 1773 1101 aptius

192 1110 340 1149 tamen
371 1105 560 1148 trahitur
591 1106 648 1148 ad
678 1109 850 1163 portam
881 1105 1222 1161 significandam.
1276 1104 1482 1149 Ceterum
1509 1104 1629 1148 aliud
1657 1105 1773 1147 illius

192 1165 379 1210 fictionis
417 1166 649 1222 vestigium
685 1166 775 1210 illis
810 1167 855 1210 in
893 1165 1163 1213 orationibus
1200 1180 1287 1210 non
1324 1166 1562 1211 invenitur:
1603 1180 1681 1209 rex
1718 1165 1773 1210 de

192 1227 295 1270 viris
325 1226 553 1280 ssebanis,
592 1230 644 1269 ut
674 1228 829 1270 ceteris
865 1228 912 1269 in
951 1226 1231 1280 orationibus,
1270 1231 1422 1270 narrat
1452 1228 1585 1270 tertia
1614 1241 1773 1284 prono·
1839 1258 1841 1260 >

194 1287 359 1330 minum
388 1301 576 1344 persona
605 1301 724 1330 usus.

312 1347 339 1390 J
341 1361 412 1390 am
452 1351 519 1390 est
558 1347 857 1404 quaerendum
894 1350 1042 1390 utrum
1079 1361 1157 1390 rex
1196 1347 1370 1390 demum
1406 1348 1452 1390 in
1488 1347 1631 1390 tribus
1667 1348 1774 1416 ipsis

194 1406 462 1450 mationibus
493 1411 718 1464 portarum
750 1406 1000 1452 defensores
1032 1406 1192 1462 eligere
1225 1408 1282 1449 sit
1312 1407 1569 1462 cogitandus
1600 1421 1657 1450 an
1683 1408 1775 1464 Jam

194 1467 374 1523 elegerit
405 1471 507 1510 ante
546 1481 632 1511 eaS.
702 1467 754 1510 In
792 1468 925 1511 tertia
963 1467 1158 1510 oratione
1201 1467 1310 1509 illud
1346 1468 1443 1510 fieri
1479 1469 1586 1511 satis
1627 1467 1774 1510 multis

194 1527 248 1570 de
281 1527 422 1570 causis
454 1542 586 1584 supra
615 1528 790 1583 negavi;
823 1527 901 1571 sed
931 1528 977 1570 in
1007 1524 1149 1584 prima
1180 1531 1224 1571 et
1255 1531 1380 1570 sexta
1410 1527 1678 1576 orationibus
1708 1527 1774 1570 fa-

192 1590 297 1631 vent
332 1587 526 1631 Richteri
563 1587 914 1644 interpretationi
952 1590 1153 1645 tempora
1182 1586 1331 1630 futura
1361 1587 1485 1631 verbi
1516 1586 1774 1629 ἀντιτάττειν.

195 1647 281 1691 Sed
318 1648 419 1691 huic
457 1648 512 1692 de
557 1647 717 1691 futuris
761 1647 1030 1705 temporibus
1069 1648 1355 1705 disputationi
1392 1662 1533 1705 pauca
1569 1651 1671 1691 sunt
1707 1649 1774 1691 in-

196 1708 382 1752 serenda
413 1708 468 1752 de
501 1708 703 1752 clausulis
735 1709 879 1751 nuntii
909 1709 1167 1751 orationum.
1219 1708 1333 1751 Nam
1362 1710 1539 1764 negavit
1558 1709 1774 1766 interpres

195 1783 268 1811 eas
312 1772 429 1812 stare
468 1783 596 1825 posse
635 1770 719 1811 nisi
756 1773 1046 1812 statueremus
1093 1783 1241 1824 regem
1270 1769 1313 1811 in
1348 1770 1438 1812 suis
1470 1769 1646 1812 demum
1676 1783 1774 1811 ora-

193 1828 386 1871 tionibus
433 1828 596 1885 eligere
644 1828 906 1882 defensores,
956 1832 1088 1886 atque
1125 1829 1267 1872 vetuit
1294 1829 1424 1872 etiam
1450 1829 1530 1872 has
1558 1829 1774 1872 clausulas

144 1933 147 1936 Δ
193 1889 406 1946 Aeschylo
443 1889 592 1935 tribui.
661 1889 755 1933 Hac
791 1890 837 1932 in
874 1904 921 1932 re
961 1890 1089 1932 nimis
1127 1893 1282 1945 argute
1321 1889 1541 1946 judicasse
1585 1890 1773 1933 videtur.

196 1949 371 1992 Etenim
402 1950 495 1993 sine
528 1949 661 1993 dubio
693 1950 977 1993 concesserim
1007 1949 1210 1993 Richtero
1241 1963 1314 1993 eas
1349 1964 1479 2007 posse
1501 1955 1618 1994 stare
1641 1951 1774 1993 etiam

196 2010 233 2053 si
264 2010 504 2067 fingeretur
534 2009 727 2053 nondum
759 2025 785 2053 a
815 2012 917 2066 rege
950 2010 1082 2054 duces
1115 2025 1211 2054 esse
1235 2010 1416 2062 electos3
1448 2010 1527 2055 sed
1548 2011 1777 2069 quaeritur

196 2071 339 2113 sintne
386 2071 554 2113 alienae
601 2070 656 2112 ab
695 2071 833 2113 altera
869 2071 1042 2113 fictione
1089 2085 1221 2127 quam
1258 2072 1304 2113 in
1342 2072 1477 2127 priori
1521 2072 1776 2127 tragoediae

123 2151 131 2159 ·
193 2134 320 2187 parte
364 2134 540 2188 poetam
583 2130 826 2175 insecutum
873 2145 968 2174 esse
1013 2131 1325 2174 ostendimus<
1358 2131 1420 2175 Ut
1455 2131 1591 2188 igitur
1621 2145 1776 2175 scenae

195 2191 526 2235 fundamentum
548 2193 731 2235 omnino
762 2195 911 2248 posset
936 2191 1095 2259 Jacere‚
1137 2191 1376 2248 Aeschylus
1408 2193 1469 2235 sic
1500 2191 1653 2236 debuit
1683 2206 1776 2235 rem

196 2252 428 2295 instituere
459 2255 509 2295 ut
538 2251 725 2308 fingeret
755 2252 957 2295 nuntium
982 2251 1076 2309 Jam
1105 2266 1193 2295 non
1219 2251 1381 2296 habere
1403 2253 1623 2309 cognitum
1643 2267 1775 2310 quos-

198 2327 301 2356 nam
332 2312 464 2357 duces
496 2327 574 2356 rex
606 2313 809 2371 elegisset
840 2313 897 2357 ad
927 2316 1076 2371 portas
1108 2312 1417 2358 defendendas,
1473 2313 1543 2358 Sic
1562 2313 1636 2358 ille
1658 2328 1712 2372 ap
1716 2313 1776 2358 ud

194 2377 345 2430 port-as
383 2378 669 2430 conspexerat
704 2374 922 2418 neminem
958 2374 1042 2416 nisi
1074 2374 1207 2417 duces
1244 2374 1447 2429 Argivos;
1492 2330 1712 2433 ThebaniP
1722 2369 1776 2417 iis

196 2433 389 2477 nondum
428 2437 553 2478 erant
590 2434 795 2493 oppositi:
835 2434 966 2477 immo
1005 2433 1109 2477 dum
1147 2433 1263 2477 redit
1298 2435 1478 2477 nuntius
1509 2435 1554 2477 in
1587 2448 1772 2489 scenam,

197 2494 329 2537 duces
374 2494 677 2538 Thebanorum·
722 2495 780 2538 ad
811 2509 952 2539 suum
999 2496 1183 2551 quisque
1235 2494 1379 2538 locum
1428 2496 1773 2553 proficiscuntur.

195 2554 395 2609 Namque
432 2558 540 2625 post
556 2571 624 2599 vv.
657 2556 906 2607 265—269‚
942 2554 1100 2610 quibus
1137 2555 1182 2597 in
1223 2554 1421 2598 versibus
1458 2555 1593 2599 verba
1635 2555 1776 2603 »τάξω

197 2612 428 2672 ἀντηρέτας
445 2612 540 2660 εἷς’
523 2617 776 2672 επτατειχεῖς
793 2612 984 2661 ἐξόδους-κ
1012 2615 1120 2658 nihil
1152 2615 1302 2658 dicunt
1322 2616 1407 2658 nisi
1437 2616 1545 2660 haec
1580 2616 1776 2658 »mittam

196 2674 468 2719 adversarios
499 2675 544 2718 in
575 2678 724 2735 portas
757 2678 925 2733 septem
957 2674 1280 2719 defendendas«
1315 2675 1385 2719 vel
1415 2680 1466 2719 ut
1494 2680 1598 2720 utar
1625 2675 1776 2731 lingua

195 2735 427 2779 vernacula
475 2735 570 2779 »ich
622 2731 711 2779 will
747 2735 1053 2792 Vertheidiger
1103 2735 1175 2779 fiir
1217 2736 1287 2780 die
1327 2736 1477 2781 sieben
1521 2736 1660 2781 Thore
1697 2736 1774 2780 be-

196 2795 399 2850 ordern«,
422 2810 501 2840 rex
516 2797 561 2840 in
579 2800 722 2840 castra
737 2796 947 2841 festinare
964 2800 1033 2841 est
1047 2796 1303 2854 cogitandus
1318 2801 1371 2841 ut
1384 2790 1610 2855 portarum
1626 2798 1774 2853 singu-

195 2856 337 2900 larum
353 2856 604 2902 defensores
622 2857 754 2914 eligat
771 2872 931 2914 eosque
953 2858 1011 2902 ad
1027 2873 1155 2902 suum
1177 2873 1393 2927 quemque
1408 2858 1551 2903 locum
1567 2859 1772 2903 dimittat.

196 2917 352 2973 Itaque
385 2918 590 2974 quoniam
620 2919 800 2962 nuntius
831 2933 918 2962 non
949 2920 1174 2977 conspexit
1194 2919 1309 2963 viros
1329 2919 1555 2963 Thebanos
1576 2917 1773 2963 hostibus
