2003 3216
822 147 1167 211 ⁴-13·-

231 279 601 337 argumentationi
621 278 727 321 mihi
746 278 924 335 quidem
938 278 1145 322 videntur
1158 292 1246 321 non
1265 291 1408 335 pauca
1428 292 1522 321 esse
1538 279 1810 334 opponenda.

230 339 425 384 Primum
457 337 690 383 difficultas
718 352 746 382 a
746 294 1001 382 qRitschelio
1031 341 1185 382 notata
1214 341 1284 382 081
1314 340 1467 382 exorta
1496 338 1693 385 versibus
1723 337 1811 381 illis

231 415 285 444 ex
306 400 555 456 conjectura
574 398 870 456 transpositis:
904 399 1027 455 cujus
1048 402 1197 442 tamen
1226 398 1578 454 transpositionis
1607 397 1813 454 equidem

229 459 398 502 nullam
416 458 541 502 video
573 471 762 501 causam.
824 457 998 501 Etenim
1017 458 1207 515 primum
1227 455 1435 514 ἐξεύρημα
1456 457 1541 500 dici
1562 457 1674 500 solet
1694 457 1812 514 quod

231 519 435 561 sollerter
467 512 603 575 (hanc
640 518 727 561 vim
763 516 898 561 habet
929 515 980 564 ἐξ
1011 516 1296 574 praepositio)
1336 521 1405 560 est
1439 517 1678 561 inventum.
1742 516 1813 560 Sic

229 593 285 636 ap
286 577 348 622 ud
368 576 641 622 Herodotum
669 578 717 621 in
746 577 876 636 primi
905 577 1007 622 111111
1037 592 1072 621 0.
1107 577 1164 621 94
1210 576 1254 619 αἱ
1285 574 1464 631 παιγνιαί
1500 576 1733 634 Lydorum,
1765 577 1812 620 in

230 639 427 697 eJusdem
457 638 558 683 libri
589 638 743 683 0.171
777 642 1032 682 ornamenta
1077 639 1236 696 quibus
1267 651 1389 681 arma
1429 638 1576 681 ornari
1611 636 1813 682 solebant

231 699 391 742 Carum
412 695 673 757 ἐξευρήματα
694 699 909 743 dicuntur.
971 699 1127 756 Itaque
1157 699 1254 756 ipsa
1272 699 1472 743 vocabuli
1492 699 1811 754 significatione

228 759 476 802 reducimur
518 759 565 802 in
609 759 1033 816 interpretationem,
1082 759 1187 803 olim
1232 758 1288 802 ab
1334 758 1649 816 interpretibus
1694 773 1809 802 com-

228 818 496 863 mendatam:
545 820 738 878 pertinet
776 817 983 878 ἐξεύρημα
1020 819 1078 863 ad
1108 818 1267 888 clypei
1311 819 1481 888 insigne
1540 833 1675 888 supra
1712 820 1810 863 des-

230 879 439 935 criptum,
489 882 621 935 atque
665 880 912 934 cogitantur
961 880 1149 934 insignia
1179 893 1207 922 a
1237 879 1420 922 ducibus
1466 880 1574 936 ipsis
1619 880 1809 923 inventa.

230 937 316 983 Sed
345 952 525 997 prorsus
556 938 772 996 frangitur
792 938 991 983 vocabuli
1021 939 1100 992 vis,
1133 939 1171 982 si
1200 952 1352 983 versus
1373 938 1660 997 subsequenti
1689 943 1810 997 post-

227 1004 436 1067 ponetur}
481 1014 583 1042 nam
614 1001 675 1043 sic
712 1001 758 1042 in
787 1000 1040 1043 universum
1079 972 1236 1043 dicitur
1265 1000 1318 1042 de
1351 999 1531 1042 ducibus
1562 999 1735 1055 Argivis
1765 1004 1811 1043 et

154 1098 157 1100 .
227 1059 453 1117 praeconis
484 1059 637 1103 nuntio
668 1062 801 1117 atque
834 1058 950 1104 cedit
981 1058 1239 1116 significatio
1276 1059 1395 1102 clara
1425 1063 1559 1117 atque
1585 1058 1812 1117 perlucida

226 1120 596 1177 interpretationi,
646 1134 698 1164 ex
735 1134 824 1177 qua
868 1119 1079 1164 vocabulo
1117 1120 1194 1163 illo
1231 1119 1339 1165 nihil
1386 1120 1584 1175 signatur
1620 1120 1705 1163 nisi
1739 1119 1811 1163 »id

228 1180 347 1237 quod
392 1183 659 1238 paraverunt
707 1184 752 1224 et
795 1182 933 1236 agunt
976 1180 1125 1224 hostes
1171 1183 1323 1223 contra
1365 1179 1563 1224 urbem«.
1640 1180 1809 1224 Deinde

229 1240 395 1281 τοιαῦτα
450 1255 690 1298 pronomen
753 1244 905 1284 nostra
956 1255 1011 1284 ex
1068 1241 1429 1297 interpretatione
1481 1241 1705 1297 aptissime
1756 1241 1810 1283 iis

228 1300 476 1343 adnectitur
496 1315 608 1357 quae
629 1302 825 1368 proxime
847 1300 1125 1344 antecedunt.
1190 1300 1277 1344 Sed
1298 1301 1526 1356 quaeritur
1546 1301 1598 1344 de
1621 1301 1810 1356 genitivo

232 1356 418 1410 ἐκείνων,
457 1374 589 1417 quem
621 1360 682 1404 sic
720 1360 863 1404 solent
893 1360 1010 1404 docti
1039 1360 1319 1418 interpretari
1348 1363 1399 1403 ut
1430 1360 1630 1404 dicantur
1660 1374 1810 1404 omnes

227 1420 486 1476 Argivorum
517 1421 660 1465 duces.
723 1421 818 1464 Hac
849 1421 1136 1478 explicatione
1167 1421 1374 1478 deceptus
1395 1420 1595 1476 Engerus
1621 1418 1688 1479 (in
1708 1435 1808 1465 ann.

226 1479 436 1524 Fleckeis.
462 1481 638 1538 1857.p
609 1497 652 1538 p.
670 1479 748 1539 55)
784 1495 914 1525 versu
936 1481 1221 1536 subsequenti
1240 1495 1388 1536 regem
1409 1482 1565 1524 statuit
1585 1481 1811 1525 admoneri

226 1543 277 1582 ut
297 1540 570 1584 adversarios
591 1541 773 1597 eligeret
790 1540 982 1583 hostium
1003 1540 1199 1583 ducibus.
1252 1541 1374 1583 Haec
1393 1541 1539 1598 opinio
1558 1542 1654 1584 ‘sine
1676 1541 1809 1584 dubio

228 1604 298 1643 est
328 1601 581 1658 rejicienda:
630 1616 732 1645 nam
762 1604 909 1645 mente
947 1604 1100 1658 captus
1137 1600 1358 1645 videbitur
1393 1602 1591 1655 nuntius,
1641 1602 1679 1645 si
1710 1616 1810 1645 eum

226 1664 460 1717 postquam
492 1675 568 1704 sex
600 1661 731 1705 duces
758 1662 851 1719 Jam
880 1662 926 1704 in
956 1661 1104 1705 hostes
1131 1661 1285 1704 missos
1318 1675 1414 1704 esse
1446 1662 1673 1714 audiverit,
1706 1666 1811 1706 tunc

228 1720 404 1765 demum
442 1736 591 1778 regem
636 1722 745 1766 illud
790 1721 933 1766 facere
976 1722 1129 1780 jubere
1177 1725 1439 1766 statuemus:
1492 1723 1684 1780 pertinet
1715 1723 1808 1767 sine

228 1780 358 1824 dubio
404 1797 556 1826 versus
602 1783 659 1825 ad
704 1783 847 1839 ipsum
878 1781 1143 1838 Polynicem.
1222 1782 1307 1825 Sed
1345 1784 1549 1837 quoniam
1597 1787 1641 1826 et
1678 1797 1808 1839 aegre

228 1841 525 1886 desideramus
555 1841 685 1900 hujus
716 1842 799 1886 viri
830 1842 1188 1899 significationem
1210 1845 1255 1885 et
1285 1842 1546 1886 offendimur
1567 1847 1809 1887 ceterorum

227 1902 384 1944 ducum
431 1904 837 1946 commemoratione
870 1906 916 1946 et
946 1907 1249 1959 exspectamus
1294 1906 1345 1945 ut
1380 1904 1426 1945 in
1464 1905 1619 1953 ceteris
1666 1905 1809 1946 nuntii

225 1961 550 2006 narrationibus
597 1962 839 2006 clausulam
885 1962 943 2006 ad
988 1963 1130 2006 virum
1175 1965 1308 2006 antea
1363 1962 1643 2020 descriptum
1675 1967 1808 2019 atque

226 2021 423 2065 Thebani
454 2023 678 2078 cujusdam
717 2023 1033 2079 oppositionem
1063 2023 1356 2079 pertinentem
1383 2024 1653 2080 eandemque
1683 2024 1807 2067 bina-

225 2081 347 2134 riam,
387 2082 481 2125 loco
514 2079 677 2124 ἐκείνων
708 2082 887 2138 genitivi
924 2081 1203 2126 scribendum
1241 2096 1396 2126 censeo
1433 2080 1601 2139 »ἐκείνῳ
1633 2097 1704 2137 γε(
1739 2084 1810 2128 101

230 2140 409 2183 »ἐκείνου
430 2156 520 2196 rs«.
564 2142 807 2185 Conferatis
829 2157 991 2199 quaeso
1014 2142 1131 2198 quod
1145 2142 1408 2186 Ritschelius
1439 2160 1506 2187 vv.
1539 2145 1626 2186 632
1645 2148 1690 2187 01
1720 2145 1806 2187 633

227 2202 504 2260 transpositis
535 2202 623 2247 tale
656 2202 762 2260 quid
793 2203 997 2248 excidisse
1028 2202 1204 2248 statuit:
1697 2237 1700 2239 .

421 2301 429 2306 .
579 2262 709 2314 οὕτως
739 2264 762 2305 ὁ
794 2263 914 2307 τοῦδε
944 2264 1101 2322 κόμπος,
1120 2263 1165 2314 ἐς
1192 2263 1239 2307 σὲ
1264 2263 1461 2321 μαίνεται.

227 2323 431 2368 Ceterum
462 2325 617 2367 iisdem
647 2328 780 2380 atque
809 2340 889 2381 ego
920 2326 1061 2368 causis
1082 2325 1355 2375 Lowinskius
1387 2323 1452 2382 (in
1473 2339 1573 2368 ann.
1596 2325 1806 2369 Fleckeis.

228 2385 357 2429 1860.
389 2400 433 2442 p.
467 2382 575 2443 699)
617 2399 714 2428 eam
757 2385 805 2428 in
842 2385 1090 2443 opinionem
1121 2389 1189 2429 est
1220 2386 1373 2429 ductus
1405 2389 1456 2429 ut
1487 2390 1685 2430 censeret
1716 2401 1807 2431 ser-

224 2458 397 2488 monem
436 2459 531 2496 esse
568 2446 614 2488 in
644 2460 683 2489 v.
718 2445 805 2489 632
844 2445 899 2489 de
930 2444 1148 2502 Polynicis
1194 2445 1345 2503 clypeo
1382 2446 1565 2502 ideoque
1598 2461 1697 2490 eum
1728 2461 1807 2490 suo

224 2504 319 2548 loco
365 2505 663 2557 retinendum;
711 2505 789 2549 sed
836 2506 952 2561 quod
998 2506 1114 2550 idem
1150 2506 1337 2563 conjecit
1379 2504 1593 2548 »ἐκείνωνι
1638 2507 1723 2550 (1101
1753 2508 1807 2551 (10

225 2564 463 2623 γράμααω,
511 2580 625 2622 quae
664 2566 710 2609 in
750 2582 792 2610 v.
835 2567 923 2611 630
967 2570 1013 2610 01
1051 2567 1149 2624 1Ρ83
1193 2565 1339 2611 1011118
1385 2567 1452 2610 uti
1498 2568 1804 2623 cogitarentur,

225 2625 430 2691 equidem
482 2627 668 2683 probare
718 2640 807 2669 non
856 2641 1055 2684 possum:
1108 2641 1212 2670 nam
1262 2628 1365 2683 quid
1428 2625 1505 2668 »τὰ
1557 2627 1801 2685 γράμματα(

222 2681 448 2743 potuerint
499 2687 745 2748 excogitare
792 2689 925 2743 atque
975 2688 1170 2731 invenire
1217 2702 1344 2731 nemo
1395 2687 1625 2744 intelliget.
1707 2688 1807 2732 Jam

223 2747 521 2791 examinemus
539 2746 725 2791 alteram
740 2744 935 2792 Richteri
955 2761 1144 2792 causam.
1183 2747 1277 2792 Hoc
1293 2748 1482 2792 concedo
1497 2747 1807 2792 vocabulorum

227 2806 304 2849 »συ
335 2805 499 2854 δἀὐτὸς·
533 2805 612 2867 ἤδη
643 2805 799 2863 γνῶὃκ
840 2809 1117 2853 iterationem
1162 2808 1409 2866 displicere.
1459 2810 1536 2853 sed
1583 2810 1807 2865 quaeritur

222 2869 312 2911 utri
342 2868 436 2912 loco
466 2868 679 2912 vocabula
714 2869 853 2924 magis
891 2871 980 2913 sint
1010 2869 1302 2913 accomodata.
1372 2869 1566 2912 Primum
1595 2871 1641 2912 in
1671 2871 1806 2927 priori

223 2928 317 2973 loco
357 2926 482 2975 αὐτός
513 2943 753 2987 pronomen
798 2944 896 2975 cum
942 2930 1121 2975 consilio
1166 2930 1358 2989 positum
1404 2930 1594 2975 videtur:
1644 2931 1805 2975 etenim
