2003 3216
792 104 1087 147 „41-

153 237 198 277 et
229 232 541 287 Oceanidibus‚
581 234 659 278 sed
691 236 821 279 etiam
853 239 985 292 poeta
1017 235 1287 279 auditoribus
1318 234 1412 278 vult
1447 234 1725 290 persuadere.

154 293 248 337 Hoc
278 298 429 338 tamen
462 294 556 338 loco
596 297 840 339 arctissima
859 296 989 339 'Jovis
1029 296 1232 339 interitus
1264 299 1309 339 et
1337 295 1585 339 Promethei
1619 294 1727 338 libe-

153 353 335 396 rationis
381 354 525 410 qualis
572 359 687 398 esset
731 355 881 398 futura
916 354 992 398 illo
1037 369 1222 411 regnum
1266 355 1481 398 retinente
1518 354 1728 397 connexio

153 428 209 457 ne
240 413 507 467 Kolischium
538 415 714 471 quidem
735 414 931 465 offendit
964 430 1233 471 quamquam
1254 416 1290 459 si
1311 429 1489 472 prorsus
1511 418 1730 459 servasset

154 486 279 515 suam
316 475 711 526 ratiocinationem,
754 488 868 530 quae
905 475 1142 517 certissime
1179 475 1493 530 praedicuntur
1523 475 1578 517 de
1608 474 1728 516 Jovis

153 533 332 577 interitu
352 533 504 579 debuit
524 549 756 591 segregare
779 549 806 578 a
827 548 960 579 scena
981 538 1148 579 cetera:
1182 538 1481 579 verumtamen
1502 532 1728 592 praeclare

153 594 345 636 ostendit
375 609 507 637 scena
538 595 755 649 quomodo
776 595 979 649 conjungi
1008 595 1193 638 voluerit
1221 600 1353 649 poeta
1372 595 1493 637 JOV1S
1520 595 1726 649 pericula,

155 667 267 709 quae
321 657 447 698 erant
491 654 537 698 in
582 652 800 699 Themidis
853 657 1038 708 secreto,
1098 658 1143 699 et
1194 658 1359 699 certam
1403 653 1526 698 illam
1562 653 1728 697 Titanis

152 713 469 757 liberationem.

271 773 510 818 Praeterea
562 774 675 818 hanc
732 789 908 818 scenam
953 775 1182 844 interpreti
1233 789 1320 818 non
1344 749 1476 818 *bene
1529 774 1728 830 excipere

152 834 384 877 videbatur
434 835 703 890 subsequens
741 835 987 878 Promethei
1033 840 1077 878 et
1121 836 1336 890 virginum
1388 850 1543 878 sermo.
1612 833 1728 877 Nam

151 892 233 937 hoc
263 894 307 936 in
338 908 536 937 sermone
573 894 648 937 ille
681 894 788 937 nihil
819 894 924 938 dicit
954 894 1008 938 de
1041 909 1122 937 sua
1157 895 1434 945 liberatione3
1472 894 1550 937 sed
1582 895 1728 937 omnia

152 954 243 996 fere
274 955 494 1009 pertinent
526 954 582 997 ad
612 954 732 998 Jovis
764 955 1000 998 interitum.
1069 955 1191 998 Haec
1222 969 1292 999 res
1323 955 1429 998 mihi
1460 954 1636 1010 quidem
1666 955 1728 997 sic

153 1013 412 1070 explicanda
433 1028 528 1073 esse
549 1014 722 1057 videtur
742 1019 791 1058 ut
811 1029 987 1058 scenam
1006 1015 1196 1072 priorem
1219 1029 1317 1058 eam
1338 1016 1499 1071 optime
1520 1014 1729 1071 subsequi

155 1079 387 1131 appareat:
423 1075 583 1119 etenim
612 1080 792 1133 propter
810 1075 837 1119 J
839 1090 967 1120 onem
986 1076 1087 1120 novi
1119 1075 1300 1120 deorum
1319 1075 1526 1133 principis
1548 1074 1727 1119 libidine

154 1139 285 1189 atque
321 1135 499 1178 arbitrio
521 1137 759 1178 cruciatam
783 1135 893 1179 adeo
923 1141 1139 1191 augentur
1158 1137 1405 1180 Promethei
1426 1136 1574 1179 odium
1596 1141 1728 1191 atque

153 1195 222 1237 ira
252 1198 301 1237 ut
327 1195 421 1251 jam
452 1195 559 1238 nihil
591 1200 712 1253 optet
742 1196 826 1238 nisi
858 1196 951 1252 ejus
988 1196 1232 1248 interitum3
1280 1200 1412 1252 atque
1444 1195 1543 1239 odio
1574 1200 1727 1252 raptus

150 1254 394 1298 luculenter
432 1256 650 1310 significat
682 1260 849 1311 quanta
879 1256 1075 1311 pericula
1107 1257 1147 1299 ei
1176 1257 1431 1299 immineant
1462 1270 1599 1311 eoque
1625 1270 1727 1311 pro-

153 1313 350 1369 greditur
379 1318 428 1357 ut
460 1329 559 1358 eum
589 1329 744 1358 revera
781 1330 964 1370 regnum
1012 1316 1272 1358 amissurum
1320 1320 1451 1371 atque
1490 1329 1586 1359 sese
1633 1315 1728 1371 ipso

152 1373 370 1416 crudelius
412 1379 618 1417 vexatum
647 1375 703 1417 iri
734 1379 884 1431 aperte
927 1376 1197 1431 profiteatur.
1278 1375 1365 1418 Sed
1396 1389 1524 1430 posse
1562 1379 1729 1417 secreto

152 1434 227 1476 illo
267 1433 493 1490 explorato
526 1439 570 1477 et
599 1435 753 1478 Jovem
792 1435 959 1478 servari
990 1439 1034 1478 et
1071 1436 1214 1495 ipsum
1252 1450 1378 1478 suam
1415 1435 1731 1478 hiberationem

150 1494 391 1537 consectari
420 1493 575 1538 leviter
600 1495 743 1551 tangit
768 1511 835 1539 vv.
860 1496 1004 1539 912—
1010 1496 1111 1538 914.
1173 1494 1341 1539 Deinde
1363 1494 1643 1552 reprehendit
1662 1494 1729 1537 vir

153 1554 306 1597 doctus
338 1552 399 1611 (p.
434 1556 479 1606 9)
512 1555 630 1611 quod
660 1556 849 1611 virgines
879 1555 1151 1599 haesitarent
1182 1555 1235 1599 de
1267 1556 1452 1599 veritate
1480 1554 1728 1598 Promethei

152 1614 474 1667 vaticiniorum,
523 1619 757 1672 postquam
804 1620 936 1660 antea
973 1620 1017 1659 et
1050 1616 1317 1673 accepissent
1349 1616 1405 1658 ab
1444 1630 1495 1659 eo
1534 1615 1727 1672 splendi-

153 1674 333 1716 dissima
366 1676 537 1729 augurii
568 1675 829 1719 documenta
857 1680 900 1719 et
931 1676 1051 1732 ipsae
1081 1677 1121 1719 ei
1140 1676 1273 1719 fidem
1299 1675 1566 1719 habuissent.
1631 1675 1727 1719 Hac

151 1738 299 1777 tamen
330 1734 376 1777 in
408 1749 540 1778 scena
578 1749 656 1779 suo
697 1736 797 1792 jure
844 1735 1003 1779 dubiae
1042 1740 1144 1779 sunt
1180 1735 1234 1779 de
1273 1735 1360 1778 fide
1407 1735 1601 1779 vaticinii
1640 1735 1724 1790 (vv.

154 1793 428 1851 927—929):
469 1810 658 1851 namque
689 1796 735 1837 in
772 1797 915 1850 ipsum
944 1796 1117 1846 Jovem,
1165 1800 1214 1839 ut
1260 1795 1494 1839 ostendunt
1539 1811 1605 1839 vv.
1640 1796 1723 1838 517

154 1882 207 1886 —
232 1855 339 1906 519,
374 1868 544 1897 summa
574 1855 782 1910 religione
815 1859 947 1911 atque
967 1855 1132 1912 pietate
1159 1859 1353 1907 utuntur,
1385 1855 1457 1897 vix
1478 1859 1527 1898 ut
1547 1854 1727 1897 credere

152 1915 321 1969 possint
357 1915 514 1956 summi
545 1915 616 1958 dei
645 1916 867 1958 interitum
901 1916 956 1958 ab
995 1915 1133 1958 altero
1171 1916 1409 1959 certissime
1440 1914 1725 1971 praedictum.

154 1972 356 2017 Ceterum
393 1973 709 2019 dubita-tionem
755 1988 881 2018 suam
927 1974 1175 2033 exprimunt
1220 1974 1389 2018 duobus
1426 1978 1598 2017 tantum
1629 1988 1726 2017 ver-

152 2034 316 2076 siculis:
351 2049 540 2090 namque
570 2040 670 2091 post
699 2036 816 2078 illius
849 2036 1089 2078 orationem
1121 2035 1329 2091 objiciunt
1361 2050 1460 2078 eum
1481 2035 1650 2078 edicere
1681 2036 1727 2077 in

151 2093 177 2137 J
180 2108 303 2137 ovem
326 2108 439 2150 quae
461 2094 638 2151 quidem
659 2095 752 2150 ipse
775 2099 917 2152 optet3
943 2098 1176 2150 postquam
1199 2099 1345 2138 autem
1363 2094 1476 2138 alter
1494 2094 1728 2137 affirmavit

153 2168 248 2197 sese
279 2155 532 2210 praesagire
566 2169 619 2198 ea
641 2170 755 2211 quae
788 2160 831 2198 et
851 2169 1005 2198 revera
1027 2159 1173 2198 essent
1192 2155 1341 2198 futura
1362 2159 1406 2197 et
1425 2156 1518 2211 ipse
1541 2159 1725 2211 optaret,

151 2214 341 2270 virgines
387 2215 660 2271 interrogant
705 2216 891 2259 liceatne
947 2219 1200 2272 exspectare
1247 2229 1512 2271 quemquam
1559 2229 1727 2258 summo

152 2274 234 2318 deo
267 2289 362 2318 esse
399 2275 621 2331 majorem.
699 2275 825 2319 Hanc
864 2275 922 2318 ad
957 2276 1342 2331 interrogationem
1372 2274 1446 2318 ille
1493 2275 1728 2331 respondet

153 2349 251 2378 eum
283 2349 379 2378 sese
410 2336 505 2392 ipso
545 2336 747 2392 graviora
786 2350 881 2379 esse
912 2349 1157 2393 passurum.
1223 2335 1548 2391 Subsequentia
1578 2339 1728 2378 tamen

150 2395 254 2439 illae
288 2395 517 2451 adjiciunt,
558 2411 646 2439 non
683 2397 800 2452 quod
832 2396 1034 2440 dubitent
1064 2396 1119 2439 de
1149 2395 1237 2438 fide
1269 2395 1534 2446 Promethei,
1569 2395 1647 2438 sed
1678 2399 1728 2438 ut

152 2470 250 2498 eum
280 2456 325 2498 in
345 2455 373 2499 J
375 2470 498 2500 ovem
518 2456 645 2499 nimis
667 2456 863 2513 superbis
898 2460 1029 2512 atque
1054 2456 1293 2499 audacibus
1313 2456 1457 2499 verbis
1478 2456 1543 2498 uti
1563 2459 1723 2499 vetent.

150 2516 307 2571 Itaque
352 2516 458 2559 mihi
503 2515 676 2571 quidem
722 2531 854 2560 scena
898 2517 1087 2573 priorem
1132 2517 1243 2559 bene
1291 2517 1487 2572 excipere
1533 2515 1725 2566 videtur3

150 2590 292 2632 neque
323 2576 466 2619 minus
499 2580 600 2634 apte
631 2581 870 2634 praeparat
901 2577 1249 2633 subsequentem.

269 2636 383 2680 Nam
409 2652 476 2681 Π.
501 2638 645 2680 941-
652 2638 752 2690 943,
786 2637 942 2693 quibus
962 2637 1203 2681 Mercurius
1233 2636 1278 2679 in
1301 2651 1475 2680 scenam
1499 2636 1726 2680 advenisse

151 2697 321 2749 dicitur,
353 2698 548 2753 proxime
579 2698 832 2755 praeposita
862 2702 964 2742 sunt
992 2697 1119 2741 haec·

291 2757 429 2815 ᾂοάτω
461 2756 571 2816 (scil.
606 2757 747 2818 Ζεύς),
780 2757 976 2814 κρατείτω
1006 2757 1122 2800 τόνδε
1153 2756 1221 2800 τὸν
1248 2756 1412 2816 βραχυν
1436 2756 1590 2816 χρόνον

289 2819 402 2868 ὅπως
429 2817 540 2861 θέλει
569 2818 699 2877 ὄαρον
730 2818 809 2876 γὰρ
840 2818 915 2861 οὐκ
945 2817 1025 2877 σζοξ
1023 2833 1059 2861 ει
1088 2817 1210 2868 θεοῖς.

150 2878 314 2930 Quibus
361 2879 505 2922 verbis
536 2892 634 2921 cum
670 2883 824 2922 utatur
859 2878 1155 2932 Prometheus,
1204 2892 1418 2922 summam
1466 2879 1725 2936 gravitatem
