2003 3216
849 123 1116 166 -4-

756 288 985 366 Prima
1032 307 1208 383 pars,

305 434 546 492 Postquam
560 434 632 478 Fr.
649 434 912 478 Ritschelius
929 436 1118 493 primum
1134 435 1455 479 accuratissime
1472 435 1563 491 egit
1579 433 1634 478 de
1651 433 1771 492 Sept.

182 494 358 539 fabulae
374 496 442 539 bis
459 498 630 553 septem
647 496 929 549 orationibus,
952 496 1111 554 quibus
1128 495 1387 552 Argivorum
1410 498 1455 539 et
1471 494 1772 540 Thebanorum

182 556 316 599 duces
346 556 666 608 describuntur,
695 556 997 613 judicavitque
1030 570 1104 600 eas
1136 557 1201 600 ita
1230 557 1348 600 inter
1378 570 1474 600 sese
1506 555 1771 613 respondere

181 618 232 660 ut
262 615 380 672 regis
402 616 630 671 orationes
670 619 874 660 tenerent
913 615 1102 661 eundem
1132 629 1339 661 versuum
1374 629 1605 660 numerum
1635 618 1770 673 atque

180 677 342 729 nuntii,
392 676 519 718 multi
555 677 639 719 viri
677 676 795 719 docti
839 677 1025 719 eandem
1063 678 1365 732 quaestionem
1403 680 1770 726 retractaverunt3

181 735 260 779 sed
292 750 443 779 omnes
474 735 585 789 fere,
625 739 893 793 quamquam
925 735 1110 780 eandem
1141 739 1275 793 atque
1311 734 1384 779 ille
1422 736 1638 780 rationem
1669 734 1772 778 sunt

104 838 110 844 ,
181 797 331 847 secuti,
366 796 463 838 aliis
495 800 644 838 tamen
674 796 878 839 remediis
910 800 1067 852 poetae
1089 795 1225 839 verba
1255 796 1452 838 sananda
1481 798 1767 852 putaverunt:

180 858 259 898 aut
290 855 399 899 alias
435 855 796 912 interpolationes
834 859 912 899 aut
949 855 1058 899 alias
1096 855 1276 899 lacunas
1307 858 1570 899 statuerunt.
1625 853 1691 898 Ex
1716 854 1769 898 iis

179 919 328 959 autem
349 916 533 959 Weilius
565 908 617 959 eo
650 919 718 959 est
747 930 1007 973 progressus
1037 919 1089 959 ut
1119 931 1207 959 non
1237 916 1356 973 ipsas
1387 915 1517 958 modo
1549 916 1768 958 orationes

180 975 259 1019 sed
291 976 425 1020 etiam
457 976 705 1020 orationum
735 977 861 1034 paria
891 990 1094 1020 versuum
1124 990 1305 1020 numero
1335 972 1453 1020 inter
1473 990 1520 1019 se
1545 976 1768 1019 concinere

173 1036 414 1091 judicaret:
448 1037 531 1080 hac
551 1038 721 1080 ratione
744 1037 958 1080 deductus
985 1036 1122 1079 multo
1144 1036 1293 1093 plures
1324 1051 1458 1093 quam
1488 1036 1564 1079 alii
1590 1036 1768 1079 lacunas

179 1111 275 1140 esse
307 1097 353 1140 in
384 1097 654 1141 orationibus
687 1097 932 1154 suspicatus
966 1100 1045 1141 est.
1111 1096 1198 1140 Sed
1228 1096 1398 1140 monuit
1435 1096 1503 1139 W.
1536 1096 1767 1140 Richter-us

177 1157 223 1199 in
245 1157 581 1209 dissertationis,
614 1171 748 1213 quam
769 1157 909 1201 edidit
924 1157 1116 1201 Berolini
1137 1171 1176 1200 a.
1202 1157 1332 1209 1878,
1364 1160 1490 1213 parte
1511 1157 1649 1213 priori
1671 1171 1766 1200 esse

176 1216 459 1273 rejiciendam
499 1216 763 1261 emendandi
803 1217 1018 1260 rationem
1054 1231 1168 1274 quae
1204 1217 1424 1260 niteretur
1455 1216 1552 1272 lege
1586 1230 1766 1273 respon-

177 1278 324 1330 sionis,
350 1292 534 1333 eamque
560 1278 615 1321 ob
639 1291 815 1320 causam
836 1292 950 1333 quae
972 1278 1106 1320 ceteri
1128 1277 1368 1333 depravata
1389 1291 1484 1320 esse
1507 1281 1767 1320 censuerant

175 1351 329 1381 revera
360 1337 498 1395 ipsius
529 1339 685 1394 poetae
719 1351 815 1381 esse
838 1336 1049 1380 defendit.
1099 1336 1194 1379 Hac
1214 1336 1260 1379 in
1281 1339 1407 1393 parte
1428 1336 1569 1380 virum
1590 1336 1765 1380 doctum

174 1398 397 1440 interdum
428 1412 533 1440 vera
563 1397 725 1440 vidisse
764 1398 953 1440 libenter
984 1397 1215 1439 confiteor:
1264 1397 1342 1439 sed
1383 1396 1502 1453 quod
1541 1397 1587 1438 in
1626 1397 1766 1439 altera

173 1460 301 1514 parte
339 1459 522 1514 propter
559 1455 668 1499 alias
706 1470 860 1501 causas
901 1470 1075 1500 scenam
1111 1455 1232 1499 illam
1268 1459 1371 1513 post
1401 1455 1663 1513 Aeschylum
1694 1470 1764 1499 re-

173 1521 409 1560 tractatam
441 1532 536 1562 esse
570 1518 727 1561 statuit
758 1517 963 1574 equidem
993 1520 1043 1560 ut
1065 1516 1342 1573 comprobem
1362 1516 1469 1559 mihi
1498 1516 1763 1573 persuadere

173 1592 262 1621 non
292 1591 536 1694 ῧῖεεξὲἰῒιιι·
583 1637 754 1683 eluceat
807 1652 894 1695 quo
937 1639 985 1680 in
1024 1638 1341 1681 sententiarum
1401 1652 1598 1681 connexu
1633 1641 1764 1694 poeta

172 1699 421 1743 orationum
457 1699 582 1756 paria
612 1699 827 1757 posuerit,
867 1698 1017 1756 paucis
1050 1697 1354 1756 explicandum
1386 1701 1454 1741 est
1483 1698 1641 1755 prioris
1672 1702 1763 1741 tra-

172 1760 354 1814 goediae
386 1760 526 1816 partis
558 1763 878 1815 argumentum.
941 1759 1086 1815 Atque
1107 1759 1296 1815 primum
1316 1758 1516 1802 Eteocles
1543 1773 1621 1802 rex
1641 1763 1762 1816 post-

170 1833 305 1876 quam
337 1834 391 1863 ex
421 1819 586 1863 Tiresia
616 1823 716 1863 vate
748 1819 960 1875 comperit
989 1818 1138 1862 hostes
1170 1822 1302 1861 noctu
1329 1820 1536 1862 statuisse
1568 1833 1695 1862 mane
1717 1820 1762 1861 in

169 1879 340 1923 Thebas
371 1879 514 1924 facere
546 1880 771 1937 impetum,
806 1876 928 1937 (nam
949 1895 1016 1923 vv.
1039 1879 1093 1923 27
1115 1876 1257 1937 sqq.*)
1289 1892 1445 1922 sanum
1467 1893 1644 1926 sensum
1674 1894 1762 1922 non

169 1941 385 1996 praebent
415 1941 500 1983 nisi
533 1955 586 1983 ex
617 1940 836 1983 Dindorfii
868 1940 1117 1995 conjectura
1149 1940 1210 1982 sic
1242 1939 1505 1982 scribentur:

460 1997 578 2050 οὗτος
605 1998 772 2043 τοιῶνδε
804 1998 1005 2059 δεσπότης
1025 1998 1317 2057 μαντευμάτων

459 2060 564 2116 λέγει
587 2059 779 2119 μεγίστην
810 2059 1036 2118 προςβολὴν
1068 2057 1242 2119 Ἀχαιΐδα

460 2119 784 2181 νυκτηγορῆσῦαι
813 2119 1116 2176 κάπιβούλευστν
1147 2117 1277 2178 πόλει)

166 2181 316 2239 prodit
336 2181 383 2225 in
409 2196 596 2235 scenam,
630 2186 680 2225 ut
701 2181 759 2225 ad
779 2182 934 2225 urbem
955 2180 1278 2225 defendendam
1298 2180 1495 2238 impellat
1522 2181 1649 2234 cives,
1683 2182 1759 2239 qui

165 2246 317 2285 utrum
354 2242 440 2299 ipsi
477 2244 523 2285 in
561 2256 693 2285 scena
734 2241 957 2285 adfuerint
996 2255 1053 2284 an
1096 2242 1243 2298 potius
1282 2245 1551 2298 spectatores
1588 2256 1667 2298 pro
1704 2243 1758 2284 iis

165 2301 320 2345 haberi
339 2306 474 2359 poeta
493 2302 682 2354 finxerit,
717 2302 964 2359 disceptare
986 2316 1073 2345 non
1094 2301 1250 2345 audeo·
1288 2301 1404 2346 Dum
1426 2300 1536 2345 illud
1557 2316 1636 2346 rex
1651 2302 1755 2357 agit,

165 2362 283 2405 redit
315 2363 509 2405 *nuntius
549 2365 681 2406 antea
727 2362 785 2405 ad
832 2361 1147 2419 speculandum
1196 2362 1379 2405 emissus
1426 2365 1559 2419 atque
1597 2363 1757 2405 certius

164 2422 340 2465 nuntiat
377 2422 496 2479 quod
532 2426 657 2467 vates
695 2421 966 2479 praedixerit
1003 2421 1100 2465 fieri
1138 2435 1308 2465 revera:
1356 2422 1570 2479 impetum
1600 2436 1756 2479 parare

163 2482 331 2535 hostes,
382 2487 552 2539 septem
591 2483 724 2526 duces
762 2483 880 2526 inter
919 2497 965 2527 se
1006 2482 1259 2539 conjurasse
1300 2496 1395 2526 sese
1444 2485 1522 2525 aut
1564 2481 1757 2526 hostium

163 2543 319 2586 urbem
357 2557 454 2586 esse
495 2547 700 2600 capturos
743 2546 821 2586 aut
866 2543 1077 2598 sanguine
1123 2556 1202 2586 suo
1246 2541 1427 2585 humum
1464 2556 1753 2599 respersuroS.

166 2602 372 2649 Ceterum
394 2618 440 2648 se
462 2603 692 2661 reliquisse
722 2602 786 2647 ait
807 2602 940 2647 duces
962 2603 1196 2647 sortientes
1220 2616 1353 2661 quam
1375 2602 1561 2660 quisque
1582 2606 1756 2661 portam

120 2694 123 2696 -
164 2664 224 2706 sit
253 2678 554 2720 aggressurus
617 2663 856 2721 Postquam
887 2667 1036 2707 autem
1067 2678 1216 2719 regem
1247 2664 1473 2707 admonuit
1503 2667 1554 2707 ut
1574 2663 1756 2719 eligeret

162 2725 277 2768 viros
308 2724 570 2769 fortissimos
602 2728 735 2782 atque
767 2724 1027 2781 praeficeret
1057 2724 1196 2782 portis
1228 2723 1534 2777 defendendis,
1574 2723 1668 2768 abit
1699 2723 1754 2768 de

163 2799 294 2828 scena
324 2788 375 2827 ut
406 2785 653 2828 accuratius
684 2785 883 2842 exploret
904 2788 1051 2827 cetera
1080 2784 1271 2827 hostium
1293 2787 1460 2828 conata.
1508 2784 1603 2827 Rex
1623 2799 1753 2841 porro

256 2918 291 2965 ²¹³)
319 2917 481 2954 citantur
495 2927 626 2954 ‘versus
650 2916 844 2954 secundum
870 2916 913 2953 A.
939 2916 1141 2953 Kirchhofii
1171 2916 1367 2954 editionem
1391 2915 1509 2957 Berol.
1535 2927 1567 2955 a.
1595 2916 1701 2955 1880.
