<?xml version="1.0" encoding="UTF-8"?>
<!DOCTYPE html PUBLIC "-//W3C//DTD XHTML 1.0 Transitional//EN"
    "http://www.w3.org/TR/xhtml1/DTD/xhtml1-transitional.dtd">
<html xmlns="http://www.w3.org/1999/xhtml" xml:lang="en" lang="en">
 <head>
  <title>
</title>
<meta http-equiv="Content-Type" content="text/html;charset=utf-8" />
  <meta name='ocr-system' content='tesseract 3.04.00' />
  <meta name='ocr-capabilities' content='ocr_page ocr_carea ocr_par ocr_line ocrx_word'/>
</head>
<body>
  <div class='ocr_page' id='page_1' title='image "4738130_0076.png"; bbox 0 0 2003 3216; ppageno 0'>
   <div class='ocr_carea' id='block_1_1' title="bbox 836 91 1130 149">
    <p class='ocr_par' dir='ltr' id='par_1_1' title="bbox 836 91 1130 149">
     <span class='ocr_line' id='line_1_1' title="bbox 836 91 1130 149; baseline 0 -14"><span class='ocrx_word' id='word_1_1' title='bbox 836 91 1130 149; x_wconf 50' lang='lat' dir='ltr'>4.ssss-</span> 
     </span>
    </p>
   </div>
   <div class='ocr_carea' id='block_1_2' title="bbox 179 233 1798 1784">
    <p class='ocr_par' dir='ltr' id='par_1_2' title="bbox 186 233 1777 594">
     <span class='ocr_line' id='line_1_2' title="bbox 188 233 1777 293; baseline 0.002 -16"><span class='ocrx_word' id='word_1_2' title='bbox 188 233 248 277; x_wconf 89' lang='lat' dir='ltr'><strong>ad</strong></span> <span class='ocrx_word' id='word_1_3' title='bbox 280 234 470 279; x_wconf 86' lang='lat' dir='ltr'><strong>Araxem</strong></span> <span class='ocrx_word' id='word_1_4' title='bbox 517 235 708 288; x_wconf 88' lang='lat' dir='ltr'><strong>fluvium,</strong></span> <span class='ocrx_word' id='word_1_5' title='bbox 758 236 879 292; x_wconf 85' lang='lat' dir='ltr'><strong>cujus</strong></span> <span class='ocrx_word' id='word_1_6' title='bbox 910 236 1028 293; x_wconf 85' lang='lat' dir='ltr'>ripas</span> <span class='ocrx_word' id='word_1_7' title='bbox 1074 236 1221 292; x_wconf 85' lang='lat' dir='ltr'><strong>legere</strong></span> <span class='ocrx_word' id='word_1_8' title='bbox 1263 236 1444 293; x_wconf 89' lang='lat' dir='ltr'><strong>jubetur</strong></span> <span class='ocrx_word' id='word_1_9' title='bbox 1489 236 1592 280; x_wconf 89' lang='lat' dir='ltr'><strong>dum</strong></span> <span class='ocrx_word' id='word_1_10' title='bbox 1629 236 1777 281; x_wconf 79' lang='lat' dir='ltr'><strong>veniat</strong></span> 
     </span>
     <span class='ocr_line' id='line_1_3' title="bbox 188 294 1776 353; baseline 0.002 -16"><span class='ocrx_word' id='word_1_11' title='bbox 188 294 246 337; x_wconf 90' lang='lat' dir='ltr'><strong>ad</strong></span> <span class='ocrx_word' id='word_1_12' title='bbox 276 295 421 352; x_wconf 90' lang='lat' dir='ltr'><strong>ipsum</strong></span> <span class='ocrx_word' id='word_1_13' title='bbox 465 294 656 348; x_wconf 85' lang='lat' dir='ltr'><strong>fontem,</strong></span> <span class='ocrx_word' id='word_1_14' title='bbox 706 296 783 350; x_wconf 89' lang='lat' dir='ltr'><strong>qui</strong></span> <span class='ocrx_word' id='word_1_15' title='bbox 812 296 869 339; x_wconf 83' lang='lat' dir='ltr'><strong>sit</strong></span> <span class='ocrx_word' id='word_1_16' title='bbox 897 296 945 339; x_wconf 89' lang='lat' dir='ltr'><strong>in</strong></span> <span class='ocrx_word' id='word_1_17' title='bbox 989 299 1138 340; x_wconf 88' lang='lat' dir='ltr'><strong>monte</strong></span> <span class='ocrx_word' id='word_1_18' title='bbox 1171 295 1387 340; x_wconf 84' lang='lat' dir='ltr'>Caucaso:</span> <span class='ocrx_word' id='word_1_19' title='bbox 1433 295 1563 353; x_wconf 86' lang='lat' dir='ltr'><strong>hujus</strong></span> <span class='ocrx_word' id='word_1_20' title='bbox 1609 311 1776 340; x_wconf 87' lang='lat' dir='ltr'><strong>summo</strong></span> 
     </span>
     <span class='ocr_line' id='line_1_4' title="bbox 187 354 1775 414; baseline 0.002 -17"><span class='ocrx_word' id='word_1_21' title='bbox 187 354 377 399; x_wconf 89' lang='lat' dir='ltr'><strong>culmine</strong></span> <span class='ocrx_word' id='word_1_22' title='bbox 424 358 631 413; x_wconf 88' lang='lat' dir='ltr'><strong>superato</strong></span> <span class='ocrx_word' id='word_1_23' title='bbox 675 358 908 399; x_wconf 82' lang='lat' dir='ltr'><strong>venturam</strong></span> <span class='ocrx_word' id='word_1_24' title='bbox 939 370 1033 400; x_wconf 90' lang='lat' dir='ltr'><strong>esse</strong></span> <span class='ocrx_word' id='word_1_25' title='bbox 1064 356 1118 400; x_wconf 89' lang='lat' dir='ltr'><strong>ad</strong></span> <span class='ocrx_word' id='word_1_26' title='bbox 1151 355 1408 410; x_wconf 82' lang='lat' dir='ltr'><strong>Amazonas,</strong></span> <span class='ocrx_word' id='word_1_27' title='bbox 1457 370 1556 400; x_wconf 86' lang='lat' dir='ltr'><strong>eam</strong></span> <span class='ocrx_word' id='word_1_28' title='bbox 1591 357 1775 414; x_wconf 88' lang='lat' dir='ltr'><strong>perduc-</strong></span> 
     </span>
     <span class='ocr_line' id='line_1_5' title="bbox 186 414 1773 461; baseline 0.001 -3"><span class='ocrx_word' id='word_1_29' title='bbox 186 418 313 458; x_wconf 89' lang='lat' dir='ltr'><strong>turas</strong></span> <span class='ocrx_word' id='word_1_30' title='bbox 345 417 402 459; x_wconf 88' lang='lat' dir='ltr'><strong>ad</strong></span> <span class='ocrx_word' id='word_1_31' title='bbox 432 416 642 459; x_wconf 82' lang='lat' dir='ltr'><strong>isthmum</strong></span> <span class='ocrx_word' id='word_1_32' title='bbox 674 414 968 460; x_wconf 87' lang='lat' dir='ltr'><strong>Cimmerium.</strong></span> <span class='ocrx_word' id='word_1_33' title='bbox 1037 416 1132 460; x_wconf 91' lang='lat' dir='ltr'><strong>Hoc</strong></span> <span class='ocrx_word' id='word_1_34' title='bbox 1162 421 1311 461; x_wconf 89' lang='lat' dir='ltr'><strong>autem</strong></span> <span class='ocrx_word' id='word_1_35' title='bbox 1342 417 1397 460; x_wconf 90' lang='lat' dir='ltr'><strong>de</strong></span> <span class='ocrx_word' id='word_1_36' title='bbox 1432 416 1590 460; x_wconf 78' lang='lat' dir='ltr'><strong>isthmo</strong></span> <span class='ocrx_word' id='word_1_37' title='bbox 1628 417 1674 460; x_wconf 90' lang='lat' dir='ltr'><strong>in</strong></span> <span class='ocrx_word' id='word_1_38' title='bbox 1705 433 1773 461; x_wconf 85' lang='lat' dir='ltr'><strong>vv.</strong></span> 
     </span>
     <span class='ocr_line' id='line_1_6' title="bbox 189 475 828 531; baseline 0 -14"><span class='ocrx_word' id='word_1_39' title='bbox 189 475 432 519; x_wconf 84' lang='lat'>728—·729</span> <span class='ocrx_word' id='word_1_40' title='bbox 463 475 572 519; x_wconf 90' lang='lat' dir='ltr'><strong>haec</strong></span> <span class='ocrx_word' id='word_1_41' title='bbox 600 475 828 531; x_wconf 88' lang='lat' dir='ltr'><strong>leguntur:</strong></span> 
     </span>
     <span class='ocr_line' id='line_1_7' title="bbox 752 533 1395 594; baseline 0.002 -17"><span class='ocrx_word' id='word_1_42' title='bbox 752 534 800 577; x_wconf 82' lang='grc' dir='ltr'><strong>ὃν</strong></span> <span class='ocrx_word' id='word_1_43' title='bbox 831 533 1209 594; x_wconf 54' lang='grc' dir='ltr'><em>ὃρασυσπλαῆνχνως</em></span> <span class='ocrx_word' id='word_1_44' title='bbox 1236 551 1284 577; x_wconf 86' lang='grc' dir='ltr'><strong>σε</strong></span> <span class='ocrx_word' id='word_1_45' title='bbox 1307 536 1395 594; x_wconf 74' lang='grc' dir='ltr'><strong>χρὴ</strong></span> 
     </span>
    </p>

    <p class='ocr_par' dir='ltr' id='par_1_3' title="bbox 180 592 1798 1176">
     <span class='ocr_line' id='line_1_8' title="bbox 564 592 1393 651; baseline 0.001 -16"><span class='ocrx_word' id='word_1_46' title='bbox 564 594 755 636; x_wconf 81' lang='grc' dir='ltr'><em>λιποῦσαν</em></span> <span class='ocrx_word' id='word_1_47' title='bbox 787 592 931 636; x_wconf 81' lang='grc' dir='ltr'><em>αὐλῶν’</em></span> <span class='ocrx_word' id='word_1_48' title='bbox 966 593 1140 651; x_wconf 77' lang='grc' dir='ltr'><em>ἐκπερᾶν</em></span> <span class='ocrx_word' id='word_1_49' title='bbox 1173 594 1393 636; x_wconf 62' lang='lat' dir='ltr'><strong>Manat-2311.</strong></span> 
     </span>
     <span class='ocr_line' id='line_1_9' title="bbox 184 652 1772 711; baseline 0.001 -16"><span class='ocrx_word' id='word_1_50' title='bbox 184 652 381 709; x_wconf 83' lang='lat' dir='ltr'><strong>Apparet</strong></span> <span class='ocrx_word' id='word_1_51' title='bbox 410 654 548 710; x_wconf 88' lang='lat' dir='ltr'><strong>igitur</strong></span> <span class='ocrx_word' id='word_1_52' title='bbox 579 658 624 698; x_wconf 90' lang='lat' dir='ltr'><strong>et</strong></span> <span class='ocrx_word' id='word_1_53' title='bbox 655 654 870 698; x_wconf 80' lang='lat' dir='ltr'><strong>erravisse</strong></span> <span class='ocrx_word' id='word_1_54' title='bbox 899 654 1204 711; x_wconf 36' lang='lat' dir='ltr'><strong>‚Hermannum</strong></span> <span class='ocrx_word' id='word_1_55' title='bbox 1234 668 1332 697; x_wconf 90' lang='lat' dir='ltr'><strong>cum</strong></span> <span class='ocrx_word' id='word_1_56' title='bbox 1363 658 1578 699; x_wconf 80' lang='lat' dir='ltr'><strong>statueret</strong></span> <span class='ocrx_word' id='word_1_57' title='bbox 1606 654 1652 697; x_wconf 91' lang='lat' dir='ltr'><strong>in</strong></span> <span class='ocrx_word' id='word_1_58' title='bbox 1685 655 1772 699; x_wconf 90' lang='lat' dir='ltr'><strong>dis-</strong></span> 
     </span>
     <span class='ocr_line' id='line_1_10' title="bbox 182 712 1770 771; baseline 0.002 -16"><span class='ocrx_word' id='word_1_59' title='bbox 182 714 411 768; x_wconf 90' lang='lat' dir='ltr'><strong>putatione</strong></span> <span class='ocrx_word' id='word_1_60' title='bbox 458 714 513 757; x_wconf 90' lang='lat' dir='ltr'><strong>de</strong></span> <span class='ocrx_word' id='word_1_61' title='bbox 561 712 592 757; x_wconf 89' lang='lat' dir='ltr'>J</span> <span class='ocrx_word' id='word_1_62' title='bbox 593 715 687 757; x_wconf 88' lang='lat' dir='ltr'><strong>onis</strong></span> <span class='ocrx_word' id='word_1_63' title='bbox 734 715 952 758; x_wconf 91' lang='lat' dir='ltr'><strong>erroribus</strong></span> <span class='ocrx_word' id='word_1_64' title='bbox 1004 715 1245 771; x_wconf 89' lang='lat' dir='ltr'><strong>conscripta</strong></span> <span class='ocrx_word' id='word_1_65' title='bbox 1291 713 1375 757; x_wconf 90' lang='lat' dir='ltr'><strong>dici</strong></span> <span class='ocrx_word' id='word_1_66' title='bbox 1418 730 1486 758; x_wconf 81' lang='lat' dir='ltr'><strong>vv.</strong></span> <span class='ocrx_word' id='word_1_67' title='bbox 1535 715 1637 758; x_wconf 86' lang='lat'>710.</span> <span class='ocrx_word' id='word_1_68' title='bbox 1686 716 1770 759; x_wconf 86' lang='lat'><strong>711</strong></span> 
     </span>
     <span class='ocr_line' id='line_1_11' title="bbox 182 771 1774 832; baseline 0.002 -17"><span class='ocrx_word' id='word_1_69' title='bbox 182 773 408 816; x_wconf 88' lang='lat' dir='ltr'><strong>vocabulis</strong></span> <span class='ocrx_word' id='word_1_70' title='bbox 476 771 727 820; x_wconf 72' lang='grc' dir='ltr'><em>»ἁλιστόνοις</em></span> <span class='ocrx_word' id='word_1_71' title='bbox 763 772 994 832; x_wconf 67' lang='grc' dir='ltr'><em>ῥαχίαισιν(</em></span> <span class='ocrx_word' id='word_1_72' title='bbox 1044 773 1235 818; x_wconf 78' lang='lat' dir='ltr'><strong>Pontum</strong></span> <span class='ocrx_word' id='word_1_73' title='bbox 1278 773 1514 827; x_wconf 83' lang='lat' dir='ltr'><strong>Euxinum,</strong></span> <span class='ocrx_word' id='word_1_74' title='bbox 1569 775 1774 830; x_wconf 88' lang='lat' dir='ltr'><strong>quoniam</strong></span> 
     </span>
     <span class='ocr_line' id='line_1_12' title="bbox 182 834 1789 891; baseline 0.001 -16"><span class='ocrx_word' id='word_1_75' title='bbox 182 836 354 876; x_wconf 90' lang='lat' dir='ltr'><strong>constet</strong></span> <span class='ocrx_word' id='word_1_76' title='bbox 386 848 440 876; x_wconf 81' lang='lat' dir='ltr'><strong>ex</strong></span> <span class='ocrx_word' id='word_1_77' title='bbox 457 834 659 891; x_wconf 85' lang='lat' dir='ltr'><strong>Aeschyli</strong></span> <span class='ocrx_word' id='word_1_78' title='bbox 689 835 891 891; x_wconf 90' lang='lat' dir='ltr'><strong>opinione</strong></span> <span class='ocrx_word' id='word_1_79' title='bbox 914 835 1065 878; x_wconf 89' lang='lat' dir='ltr'><strong>sedere</strong></span> <span class='ocrx_word' id='word_1_80' title='bbox 1084 834 1282 891; x_wconf 87' lang='lat' dir='ltr'><strong>Scythas,</strong></span> <span class='ocrx_word' id='word_1_81' title='bbox 1315 838 1367 877; x_wconf 92' lang='lat' dir='ltr'><strong>ut</strong></span> <span class='ocrx_word' id='word_1_82' title='bbox 1386 838 1488 882; x_wconf 88' lang='lat' dir='ltr'><strong>utar</strong></span> <span class='ocrx_word' id='word_1_83' title='bbox 1514 834 1789 877; x_wconf 80' lang='lat' dir='ltr'><strong>scholiastae-</strong></span> 
     </span>
     <span class='ocr_line' id='line_1_13' title="bbox 181 891 1772 952; baseline 0.002 -16"><span class='ocrx_word' id='word_1_84' title='bbox 181 893 325 937; x_wconf 85' lang='lat' dir='ltr'><strong>verbis</strong></span> <span class='ocrx_word' id='word_1_85' title='bbox 359 893 488 937; x_wconf 85' lang='lat' dir='ltr'><strong>ad&#39;v.</strong></span> <span class='ocrx_word' id='word_1_86' title='bbox 526 894 577 939; x_wconf 93' lang='lat'><strong>11</strong></span> <span class='ocrx_word' id='word_1_87' title='bbox 629 894 879 952; x_wconf 86' lang='lat' dir='ltr'><strong>adscriptis,</strong></span> <span class='ocrx_word' id='word_1_88' title='bbox 934 893 1065 951; x_wconf 75' lang='grc' dir='ltr'><em>»πρὸς</em></span> <span class='ocrx_word' id='word_1_89' title='bbox 1094 896 1177 940; x_wconf 77' lang='grc' dir='ltr'><em>τοῖς</em></span> <span class='ocrx_word' id='word_1_90' title='bbox 1206 891 1465 951; x_wconf 76' lang='grc' dir='ltr'><em>Εὐρωπαίοις</em></span> <span class='ocrx_word' id='word_1_91' title='bbox 1501 891 1670 952; x_wconf 69' lang='grc' dir='ltr'><em>τέρμασι</em></span> <span class='ocrx_word' id='word_1_92' title='bbox 1702 894 1772 936; x_wconf 83' lang='grc' dir='ltr'><strong>τοῦ</strong></span> 
     </span>
     <span class='ocr_line' id='line_1_14' title="bbox 180 951 1798 1011; baseline 0.002 -18"><span class='ocrx_word' id='word_1_93' title='bbox 180 951 396 994; x_wconf 77' lang='grc' dir='ltr'><em>’.Ωκεανοῦκ</em></span> <span class='ocrx_word' id='word_1_94' title='bbox 447 954 577 1009; x_wconf 87' lang='lat' dir='ltr'><strong>longe</strong></span> <span class='ocrx_word' id='word_1_95' title='bbox 623 959 817 998; x_wconf 86' lang='lat' dir='ltr'><strong>remotos</strong></span> <span class='ocrx_word' id='word_1_96' title='bbox 849 969 877 997; x_wconf 91' lang='lat' dir='ltr'><strong>a</strong></span> <span class='ocrx_word' id='word_1_97' title='bbox 911 955 1073 1011; x_wconf 89' lang='lat' dir='ltr'><strong>palude</strong></span> <span class='ocrx_word' id='word_1_98' title='bbox 1104 955 1341 1006; x_wconf 87' lang='lat' dir='ltr'><strong>Maeotide,</strong></span> <span class='ocrx_word' id='word_1_99' title='bbox 1391 959 1436 997; x_wconf 94' lang='lat' dir='ltr'><strong>et</strong></span> <span class='ocrx_word' id='word_1_100' title='bbox 1481 955 1599 1010; x_wconf 91' lang='lat' dir='ltr'><strong>quod</strong></span> <span class='ocrx_word' id='word_1_101' title='bbox 1635 957 1798 1009; x_wconf 85' lang='lat' dir='ltr'><strong>magis-</strong></span> 
     </span>
     <span class='ocr_line' id='line_1_15' title="bbox 180 1013 1769 1071; baseline 0.002 -16"><span class='ocrx_word' id='word_1_102' title='bbox 180 1014 374 1069; x_wconf 89' lang='lat' dir='ltr'><strong>pertinet</strong></span> <span class='ocrx_word' id='word_1_103' title='bbox 404 1018 597 1057; x_wconf 89' lang='lat' dir='ltr'><strong>nostram</strong></span> <span class='ocrx_word' id='word_1_104' title='bbox 618 1015 674 1058; x_wconf 81' lang='lat' dir='ltr'><strong>ad.</strong></span> <span class='ocrx_word' id='word_1_105' title='bbox 696 1013 1058 1071; x_wconf 88' lang='lat' dir='ltr'><strong>disputationem,</strong></span> <span class='ocrx_word' id='word_1_106' title='bbox 1098 1014 1174 1057; x_wconf 91' lang='lat' dir='ltr'><strong>alii</strong></span> <span class='ocrx_word' id='word_1_107' title='bbox 1204 1014 1382 1057; x_wconf 88' lang='lat' dir='ltr'><strong>cuidam</strong></span> <span class='ocrx_word' id='word_1_108' title='bbox 1412 1014 1579 1058; x_wconf 90' lang='lat' dir='ltr'><strong>auctori</strong></span> <span class='ocrx_word' id='word_1_109' title='bbox 1612 1014 1769 1058; x_wconf 90' lang='lat' dir='ltr'><strong>debere</strong></span> 
     </span>
     <span class='ocr_line' id='line_1_16' title="bbox 180 1073 1770 1130; baseline 0.001 -15"><span class='ocrx_word' id='word_1_110' title='bbox 180 1073 369 1115; x_wconf 86' lang='lat' dir='ltr'><strong>alteram</strong></span> <span class='ocrx_word' id='word_1_111' title='bbox 394 1084 401 1091; x_wconf 86' lang='grc'><strong>··</strong></span> <span class='ocrx_word' id='word_1_112' title='bbox 413 1074 634 1117; x_wconf 91' lang='lat' dir='ltr'><strong>fictionem</strong></span> <span class='ocrx_word' id='word_1_113' title='bbox 682 1088 797 1129; x_wconf 91' lang='lat' dir='ltr'><strong>quae</strong></span> <span class='ocrx_word' id='word_1_114' title='bbox 844 1075 899 1117; x_wconf 92' lang='lat' dir='ltr'><strong>de</strong></span> <span class='ocrx_word' id='word_1_115' title='bbox 941 1074 1200 1130; x_wconf 85' lang='lat' dir='ltr'><strong>Scytharum</strong></span> <span class='ocrx_word' id='word_1_116' title='bbox 1246 1074 1473 1117; x_wconf 89' lang='lat' dir='ltr'><strong>domiciliis</strong></span> <span class='ocrx_word' id='word_1_117' title='bbox 1521 1077 1589 1117; x_wconf 89' lang='lat' dir='ltr'><strong>est</strong></span> <span class='ocrx_word' id='word_1_118' title='bbox 1626 1075 1672 1116; x_wconf 89' lang='lat' dir='ltr'><strong>in</strong></span> <span class='ocrx_word' id='word_1_119' title='bbox 1703 1090 1770 1118; x_wconf 86' lang='lat' dir='ltr'><strong>vv.</strong></span> 
     </span>
     <span class='ocr_line' id='line_1_17' title="bbox 182 1132 439 1176; baseline 0.008 -2"><span class='ocrx_word' id='word_1_120' title='bbox 182 1132 439 1176; x_wconf 83' lang='lat'>419—421.</span> 
     </span>
    </p>

    <p class='ocr_par' dir='ltr' id='par_1_4' title="bbox 179 1191 1773 1784">
     <span class='ocr_line' id='line_1_18' title="bbox 304 1191 1771 1250; baseline 0.001 -14"><span class='ocrx_word' id='word_1_121' title='bbox 304 1192 392 1236; x_wconf 89' lang='lat' dir='ltr'><strong>Sed</strong></span> <span class='ocrx_word' id='word_1_122' title='bbox 413 1196 555 1243; x_wconf 81' lang='lat' dir='ltr'><strong>restat</strong></span> <span class='ocrx_word' id='word_1_123' title='bbox 575 1193 706 1249; x_wconf 88' lang='lat' dir='ltr'><strong>hujus</strong></span> <span class='ocrx_word' id='word_1_124' title='bbox 728 1194 885 1236; x_wconf 91' lang='lat' dir='ltr'><strong>cantici</strong></span> <span class='ocrx_word' id='word_1_125' title='bbox 906 1193 1082 1250; x_wconf 91' lang='lat' dir='ltr'><strong>epodus.</strong></span> <span class='ocrx_word' id='word_1_126' title='bbox 1131 1191 1193 1236; x_wconf 90' lang='lat' dir='ltr'><strong>Ut</strong></span> <span class='ocrx_word' id='word_1_127' title='bbox 1213 1193 1348 1248; x_wconf 89' lang='lat' dir='ltr'><strong>igitur</strong></span> <span class='ocrx_word' id='word_1_128' title='bbox 1368 1194 1555 1250; x_wconf 91' lang='lat' dir='ltr'><strong>primum</strong></span> <span class='ocrx_word' id='word_1_129' title='bbox 1571 1207 1771 1239; x_wconf 89' lang='lat' dir='ltr'><strong>moneam</strong></span> 
     </span>
     <span class='ocr_line' id='line_1_19' title="bbox 182 1252 1773 1309; baseline 0 -14"><span class='ocrx_word' id='word_1_130' title='bbox 182 1266 273 1307; x_wconf 88' lang='lat' dir='ltr'><strong>qua</strong></span> <span class='ocrx_word' id='word_1_131' title='bbox 304 1253 473 1296; x_wconf 89' lang='lat' dir='ltr'><strong>ratione</strong></span> <span class='ocrx_word' id='word_1_132' title='bbox 507 1252 744 1296; x_wconf 87' lang='lat' dir='ltr'><strong>cohaereat</strong></span> <span class='ocrx_word' id='word_1_133' title='bbox 776 1268 874 1296; x_wconf 91' lang='lat' dir='ltr'><strong>cum</strong></span> <span class='ocrx_word' id='word_1_134' title='bbox 905 1252 1168 1296; x_wconf 89' lang='lat' dir='ltr'><strong>carminibus</strong></span> <span class='ocrx_word' id='word_1_135' title='bbox 1199 1254 1435 1309; x_wconf 78' lang='lat' dir='ltr'><strong>prioribUS,</strong></span> <span class='ocrx_word' id='word_1_136' title='bbox 1474 1253 1583 1297; x_wconf 87' lang='lat' dir='ltr'><strong>haec</strong></span> <span class='ocrx_word' id='word_1_137' title='bbox 1622 1253 1773 1298; x_wconf 90' lang='lat' dir='ltr'><strong>dicunt</strong></span> 
     </span>
     <span class='ocr_line' id='line_1_20' title="bbox 179 1312 1772 1367; baseline 0.001 -12"><span class='ocrx_word' id='word_1_138' title='bbox 179 1312 392 1367; x_wconf 84' lang='lat' dir='ltr'><strong>virgines:</strong></span> <span class='ocrx_word' id='word_1_139' title='bbox 447 1327 610 1356; x_wconf 80' lang='lat' dir='ltr'><strong>»unum</strong></span> <span class='ocrx_word' id='word_1_140' title='bbox 647 1316 783 1356; x_wconf 88' lang='lat' dir='ltr'><strong>antea</strong></span> <span class='ocrx_word' id='word_1_141' title='bbox 830 1312 1018 1356; x_wconf 86' lang='lat' dir='ltr'><strong>vidimus</strong></span> <span class='ocrx_word' id='word_1_142' title='bbox 1050 1312 1251 1356; x_wconf 87' lang='lat' dir='ltr'><strong>Titanem</strong></span> <span class='ocrx_word' id='word_1_143' title='bbox 1297 1312 1508 1356; x_wconf 87' lang='lat' dir='ltr'><strong>similibus</strong></span> <span class='ocrx_word' id='word_1_144' title='bbox 1553 1313 1772 1357; x_wconf 88' lang='lat' dir='ltr'><strong>laboribus</strong></span> 
     </span>
     <span class='ocr_line' id='line_1_21' title="bbox 179 1372 1770 1429; baseline 0.001 -15"><span class='ocrx_word' id='word_1_145' title='bbox 179 1376 388 1414; x_wconf 84' lang='lat' dir='ltr'><strong>vexatum</strong></span> <span class='ocrx_word' id='word_1_146' title='bbox 419 1376 552 1427; x_wconf 91' lang='lat' dir='ltr'><strong>atque</strong></span> <span class='ocrx_word' id='word_1_147' title='bbox 584 1373 738 1428; x_wconf 87' lang='lat' dir='ltr'><strong>lugent</strong></span> <span class='ocrx_word' id='word_1_148' title='bbox 769 1387 869 1416; x_wconf 90' lang='lat' dir='ltr'><strong>eum</strong></span> <span class='ocrx_word' id='word_1_149' title='bbox 901 1374 1014 1415; x_wconf 91' lang='lat' dir='ltr'><strong>sicut</strong></span> <span class='ocrx_word' id='word_1_150' title='bbox 1050 1377 1095 1415; x_wconf 92' lang='lat' dir='ltr'><strong>te</strong></span> <span class='ocrx_word' id='word_1_151' title='bbox 1126 1373 1284 1423; x_wconf 90' lang='lat' dir='ltr'><strong>undae,</strong></span> <span class='ocrx_word' id='word_1_152' title='bbox 1333 1386 1453 1415; x_wconf 90' lang='lat' dir='ltr'><strong>mare</strong></span> <span class='ocrx_word' id='word_1_153' title='bbox 1490 1372 1770 1429; x_wconf 88' lang='lat' dir='ltr'><strong>profundum,</strong></span> 
     </span>
     <span class='ocr_line' id='line_1_22' title="bbox 180 1430 1772 1488; baseline 0.001 -14"><span class='ocrx_word' id='word_1_154' title='bbox 180 1432 275 1488; x_wconf 91' lang='lat' dir='ltr'><strong>ipse</strong></span> <span class='ocrx_word' id='word_1_155' title='bbox 323 1430 505 1476; x_wconf 78' lang='lat' dir='ltr'><strong>Orcus«.</strong></span> <span class='ocrx_word' id='word_1_156' title='bbox 591 1431 791 1488; x_wconf 89' lang='lat' dir='ltr'><strong>Namque</strong></span> <span class='ocrx_word' id='word_1_157' title='bbox 838 1431 1105 1477; x_wconf 87' lang='lat' dir='ltr'><strong>Ribbeckius</strong></span> <span class='ocrx_word' id='word_1_158' title='bbox 1151 1432 1312 1476; x_wconf 85' lang='lat' dir='ltr'><strong>excidit</strong></span> <span class='ocrx_word' id='word_1_159' title='bbox 1364 1432 1532 1476; x_wconf 88' lang='lat' dir='ltr'><strong>ratione</strong></span> <span class='ocrx_word' id='word_1_160' title='bbox 1579 1447 1677 1476; x_wconf 91' lang='lat' dir='ltr'><strong>cum</strong></span> <span class='ocrx_word' id='word_1_161' title='bbox 1722 1437 1772 1476; x_wconf 93' lang='lat' dir='ltr'><strong>ut</strong></span> 
     </span>
     <span class='ocr_line' id='line_1_23' title="bbox 181 1492 1769 1548; baseline 0.001 -15"><span class='ocrx_word' id='word_1_162' title='bbox 181 1492 392 1534; x_wconf 89' lang='lat' dir='ltr'><strong>clamores</strong></span> <span class='ocrx_word' id='word_1_163' title='bbox 440 1492 671 1547; x_wconf 92' lang='lat' dir='ltr'><strong>luctusque</strong></span> <span class='ocrx_word' id='word_1_164' title='bbox 717 1493 992 1548; x_wconf 89' lang='lat' dir='ltr'><strong>pertinerent</strong></span> <span class='ocrx_word' id='word_1_165' title='bbox 1036 1492 1094 1534; x_wconf 92' lang='lat' dir='ltr'><strong>ad</strong></span> <span class='ocrx_word' id='word_1_166' title='bbox 1138 1493 1275 1548; x_wconf 89' lang='lat' dir='ltr'><strong>ipsius</strong></span> <span class='ocrx_word' id='word_1_167' title='bbox 1306 1492 1557 1535; x_wconf 90' lang='lat' dir='ltr'><strong>Promethei</strong></span> <span class='ocrx_word' id='word_1_168' title='bbox 1586 1492 1769 1544; x_wconf 89' lang='lat' dir='ltr'><strong>labores,</strong></span> 
     </span>
     <span class='ocr_line' id='line_1_24' title="bbox 180 1550 1769 1609; baseline -0.001 -14"><span class='ocrx_word' id='word_1_169' title='bbox 180 1567 248 1595; x_wconf 88' lang='lat' dir='ltr'><strong>vv.</strong></span> <span class='ocrx_word' id='word_1_170' title='bbox 290 1550 378 1596; x_wconf 86' lang='lat'><strong>433</strong></span> <span class='ocrx_word' id='word_1_171' title='bbox 417 1566 515 1608; x_wconf 89' lang='lat' dir='ltr'><strong>sqq.</strong></span> <span class='ocrx_word' id='word_1_172' title='bbox 563 1551 693 1596; x_wconf 89' lang='lat' dir='ltr'><strong>alteri</strong></span> <span class='ocrx_word' id='word_1_173' title='bbox 746 1553 952 1596; x_wconf 90' lang='lat' dir='ltr'><strong>carminis</strong></span> <span class='ocrx_word' id='word_1_174' title='bbox 998 1552 1114 1609; x_wconf 86' lang='lat' dir='ltr'><strong>parti</strong></span> <span class='ocrx_word' id='word_1_175' title='bbox 1161 1556 1360 1596; x_wconf 90' lang='lat' dir='ltr'><strong>censeret</strong></span> <span class='ocrx_word' id='word_1_176' title='bbox 1413 1552 1769 1609; x_wconf 85' lang='lat' dir='ltr'><strong>praeponendos:</strong></span> 
     </span>
     <span class='ocr_line' id='line_1_25' title="bbox 181 1612 1773 1668; baseline 0.001 -15"><span class='ocrx_word' id='word_1_177' title='bbox 181 1612 344 1653; x_wconf 85' lang='lat' dir='ltr'><strong>etenim</strong></span> <span class='ocrx_word' id='word_1_178' title='bbox 376 1612 438 1654; x_wconf 90' lang='lat' dir='ltr'><strong>sic</strong></span> <span class='ocrx_word' id='word_1_179' title='bbox 475 1626 588 1667; x_wconf 89' lang='lat' dir='ltr'><strong>quae</strong></span> <span class='ocrx_word' id='word_1_180' title='bbox 628 1616 731 1655; x_wconf 90' lang='lat' dir='ltr'><strong>sunt</strong></span> <span class='ocrx_word' id='word_1_181' title='bbox 773 1612 827 1655; x_wconf 92' lang='lat' dir='ltr'><strong>de</strong></span> <span class='ocrx_word' id='word_1_182' title='bbox 859 1612 1037 1656; x_wconf 87' lang='lat' dir='ltr'><strong>Atlante</strong></span> <span class='ocrx_word' id='word_1_183' title='bbox 1084 1613 1210 1667; x_wconf 90' lang='lat' dir='ltr'><strong>quasi</strong></span> <span class='ocrx_word' id='word_1_184' title='bbox 1256 1612 1522 1668; x_wconf 88' lang='lat' dir='ltr'><strong>superfluere</strong></span> <span class='ocrx_word' id='word_1_185' title='bbox 1568 1612 1773 1656; x_wconf 86' lang='lat' dir='ltr'><strong>videntur</strong></span> 
     </span>
     <span class='ocr_line' id='line_1_26' title="bbox 182 1671 1773 1728; baseline 0.001 -14"><span class='ocrx_word' id='word_1_186' title='bbox 182 1686 326 1727; x_wconf 92' lang='lat' dir='ltr'><strong>neque</strong></span> <span class='ocrx_word' id='word_1_187' title='bbox 359 1671 479 1716; x_wconf 89' lang='lat' dir='ltr'><strong>aliud</strong></span> <span class='ocrx_word' id='word_1_188' title='bbox 518 1672 620 1727; x_wconf 91' lang='lat' dir='ltr'><strong>quid</strong></span> <span class='ocrx_word' id='word_1_189' title='bbox 654 1675 879 1716; x_wconf 85' lang='lat' dir='ltr'><strong>sectantur</strong></span> <span class='ocrx_word' id='word_1_190' title='bbox 924 1673 1113 1728; x_wconf 86' lang='lat' dir='ltr'><strong>virgines</strong></span> <span class='ocrx_word' id='word_1_191' title='bbox 1153 1687 1285 1728; x_wconf 91' lang='lat' dir='ltr'><strong>quam</strong></span> <span class='ocrx_word' id='word_1_192' title='bbox 1315 1675 1367 1716; x_wconf 93' lang='lat' dir='ltr'><strong>ut</strong></span> <span class='ocrx_word' id='word_1_193' title='bbox 1395 1672 1473 1716; x_wconf 91' lang='lat' dir='ltr'><strong>illa</strong></span> <span class='ocrx_word' id='word_1_194' title='bbox 1503 1672 1629 1728; x_wconf 90' lang='lat' dir='ltr'><strong>quasi</strong></span> <span class='ocrx_word' id='word_1_195' title='bbox 1659 1687 1773 1716; x_wconf 88' lang='lat' dir='ltr'><strong>nova</strong></span> 
     </span>
     <span class='ocr_line' id='line_1_27' title="bbox 182 1732 1772 1784; baseline 0.001 -11"><span class='ocrx_word' id='word_1_196' title='bbox 182 1735 364 1774; x_wconf 89' lang='lat' dir='ltr'><strong>narrent</strong></span> <span class='ocrx_word' id='word_1_197' title='bbox 393 1732 550 1781; x_wconf 84' lang='lat' dir='ltr'><strong>Titani.</strong></span> <span class='ocrx_word' id='word_1_198' title='bbox 631 1732 716 1776; x_wconf 86' lang='lat' dir='ltr'><strong>Sed</strong></span> <span class='ocrx_word' id='word_1_199' title='bbox 747 1737 930 1784; x_wconf 89' lang='lat' dir='ltr'><strong>narrant</strong></span> <span class='ocrx_word' id='word_1_200' title='bbox 960 1733 1080 1784; x_wconf 89' lang='lat' dir='ltr'><strong>haec,</strong></span> <span class='ocrx_word' id='word_1_201' title='bbox 1129 1734 1175 1774; x_wconf 90' lang='lat' dir='ltr'><strong>ni</strong></span> <span class='ocrx_word' id='word_1_202' title='bbox 1212 1732 1357 1784; x_wconf 86' lang='lat' dir='ltr'><strong>fallor,</strong></span> <span class='ocrx_word' id='word_1_203' title='bbox 1406 1737 1456 1775; x_wconf 92' lang='lat' dir='ltr'><strong>ut</strong></span> <span class='ocrx_word' id='word_1_204' title='bbox 1494 1733 1772 1776; x_wconf 89' lang='lat' dir='ltr'><strong>consolentur</strong></span> 
     </span>
    </p>
   </div>
   <div class='ocr_carea' id='block_1_3' title="bbox 96 1789 1769 1849">
    <p class='ocr_par' dir='ltr' id='par_1_5' title="bbox 96 1789 1769 1849">
     <span class='ocr_line' id='line_1_28' title="bbox 96 1789 1769 1849; baseline 0.001 -15"><span class='ocrx_word' id='word_1_205' title='bbox 96 1840 113 1847; x_wconf 36' lang='lat'>⁵</span> <span class='ocrx_word' id='word_1_206' title='bbox 182 1789 496 1835; x_wconf 90' lang='lat' dir='ltr'><strong>Prometheum</strong></span> <span class='ocrx_word' id='word_1_207' title='bbox 549 1795 682 1847; x_wconf 89' lang='lat' dir='ltr'><strong>atque</strong></span> <span class='ocrx_word' id='word_1_208' title='bbox 730 1793 967 1849; x_wconf 87' lang='lat' dir='ltr'><strong>subjiciunt</strong></span> <span class='ocrx_word' id='word_1_209' title='bbox 1018 1792 1084 1835; x_wconf 91' lang='lat' dir='ltr'><strong>illi</strong></span> <span class='ocrx_word' id='word_1_210' title='bbox 1128 1807 1216 1835; x_wconf 91' lang='lat' dir='ltr'><strong>non</strong></span> <span class='ocrx_word' id='word_1_211' title='bbox 1263 1792 1405 1835; x_wconf 86' lang='lat' dir='ltr'><strong>minus</strong></span> <span class='ocrx_word' id='word_1_212' title='bbox 1450 1793 1769 1836; x_wconf 87' lang='lat' dir='ltr'><strong>misericordiae</strong></span> 
     </span>
    </p>
   </div>
   <div class='ocr_carea' id='block_1_4' title="bbox 172 1851 1773 2934">
    <p class='ocr_par' dir='ltr' id='par_1_6' title="bbox 172 1851 1773 2934">
     <span class='ocr_line' id='line_1_29' title="bbox 181 1851 1771 1909; baseline 0.001 -15"><span class='ocrx_word' id='word_1_213' title='bbox 181 1851 318 1894; x_wconf 89' lang='lat' dir='ltr'><strong>tribui</strong></span> <span class='ocrx_word' id='word_1_214' title='bbox 352 1867 484 1907; x_wconf 91' lang='lat' dir='ltr'><strong>quam</strong></span> <span class='ocrx_word' id='word_1_215' title='bbox 516 1853 557 1895; x_wconf 89' lang='lat' dir='ltr'><strong>ei</strong></span> <span class='ocrx_word' id='word_1_216' title='bbox 586 1853 686 1909; x_wconf 86' lang='lat' dir='ltr'><strong>ipsi.</strong></span> <span class='ocrx_word' id='word_1_217' title='bbox 749 1852 844 1895; x_wconf 91' lang='lat' dir='ltr'><strong>Hac</strong></span> <span class='ocrx_word' id='word_1_218' title='bbox 876 1867 929 1896; x_wconf 86' lang='lat' dir='ltr'><strong>ex</strong></span> <span class='ocrx_word' id='word_1_219' title='bbox 959 1853 1322 1909; x_wconf 86' lang='lat' dir='ltr'><strong>interpretatione</strong></span> <span class='ocrx_word' id='word_1_220' title='bbox 1362 1867 1627 1908; x_wconf 89' lang='lat' dir='ltr'><strong>quamquam</strong></span> <span class='ocrx_word' id='word_1_221' title='bbox 1659 1866 1771 1908; x_wconf 88' lang='lat' dir='ltr'><strong>quae</strong></span> 
     </span>
     <span class='ocr_line' id='line_1_30' title="bbox 182 1912 1770 1970; baseline 0.001 -16"><span class='ocrx_word' id='word_1_222' title='bbox 182 1916 286 1955; x_wconf 91' lang='lat' dir='ltr'><strong>sunt</strong></span> <span class='ocrx_word' id='word_1_223' title='bbox 319 1913 372 1955; x_wconf 92' lang='lat' dir='ltr'><strong>de</strong></span> <span class='ocrx_word' id='word_1_224' title='bbox 405 1912 583 1955; x_wconf 89' lang='lat' dir='ltr'><strong>Atlante</strong></span> <span class='ocrx_word' id='word_1_225' title='bbox 622 1927 709 1956; x_wconf 90' lang='grc'><strong>11011</strong></span> <span class='ocrx_word' id='word_1_226' title='bbox 746 1913 950 1956; x_wconf 86' lang='lat' dir='ltr'><strong>videntur</strong></span> <span class='ocrx_word' id='word_1_227' title='bbox 981 1927 1316 1970; x_wconf 84' lang='lat' dir='ltr'><strong>supervacanea,</strong></span> <span class='ocrx_word' id='word_1_228' title='bbox 1364 1916 1513 1957; x_wconf 90' lang='lat' dir='ltr'><strong>tamen</strong></span> <span class='ocrx_word' id='word_1_229' title='bbox 1544 1914 1639 1970; x_wconf 88' lang='lat' dir='ltr'><strong>ipsa</strong></span> <span class='ocrx_word' id='word_1_230' title='bbox 1668 1927 1770 1956; x_wconf 90' lang='lat' dir='ltr'><strong>nar-</strong></span> 
     </span>
     <span class='ocr_line' id='line_1_31' title="bbox 178 1972 1772 2030; baseline -0.001 -15"><span class='ocrx_word' id='word_1_231' title='bbox 178 1973 291 2015; x_wconf 89' lang='lat' dir='ltr'><strong>ratio</strong></span> <span class='ocrx_word' id='word_1_232' title='bbox 333 1972 546 2030; x_wconf 89' lang='lat' dir='ltr'><strong>displicet.</strong></span> <span class='ocrx_word' id='word_1_233' title='bbox 625 1972 824 2028; x_wconf 91' lang='lat' dir='ltr'><strong>Namque</strong></span> <span class='ocrx_word' id='word_1_234' title='bbox 856 1974 923 2016; x_wconf 91' lang='lat' dir='ltr'><strong>uti</strong></span> <span class='ocrx_word' id='word_1_235' title='bbox 961 1974 1148 2017; x_wconf 88' lang='lat' dir='ltr'><strong>concedo</strong></span> <span class='ocrx_word' id='word_1_236' title='bbox 1186 1972 1407 2017; x_wconf 86' lang='lat' dir='ltr'><strong>vocabulis</strong></span> <span class='ocrx_word' id='word_1_237' title='bbox 1443 1972 1772 2030; x_wconf 63' lang='grc' dir='ltr'><em>»ξυνιῃιαιμόνων</em></span> 
     </span>
     <span class='ocr_line' id='line_1_32' title="bbox 181 2030 1771 2091; baseline 0.002 -18"><span class='ocrx_word' id='word_1_238' title='bbox 181 2047 226 2073; x_wconf 83' lang='grc' dir='ltr'><strong>τε</strong></span> <span class='ocrx_word' id='word_1_239' title='bbox 251 2032 393 2088; x_wconf 67' lang='grc' dir='ltr'><em>τιμάν(</em></span> <span class='ocrx_word' id='word_1_240' title='bbox 429 2031 489 2091; x_wconf 87' lang='lat' dir='ltr'><strong>(v.</strong></span> <span class='ocrx_word' id='word_1_241' title='bbox 513 2030 623 2090; x_wconf 71' lang='lat'>412)</span> <span class='ocrx_word' id='word_1_242' title='bbox 655 2034 880 2090; x_wconf 88' lang='lat' dir='ltr'><strong>aptissime</strong></span> <span class='ocrx_word' id='word_1_243' title='bbox 902 2035 1102 2077; x_wconf 87' lang='lat' dir='ltr'><strong>renovari</strong></span> <span class='ocrx_word' id='word_1_244' title='bbox 1132 2033 1350 2091; x_wconf 91' lang='lat' dir='ltr'><strong>Typhonis</strong></span> <span class='ocrx_word' id='word_1_245' title='bbox 1384 2037 1428 2077; x_wconf 92' lang='lat' dir='ltr'><strong>et</strong></span> <span class='ocrx_word' id='word_1_246' title='bbox 1458 2034 1648 2077; x_wconf 87' lang='lat' dir='ltr'><strong>Atlantis</strong></span> <span class='ocrx_word' id='word_1_247' title='bbox 1679 2047 1771 2076; x_wconf 90' lang='lat' dir='ltr'><strong>me-</strong></span> 
     </span>
     <span class='ocr_line' id='line_1_33' title="bbox 178 2091 1773 2151; baseline 0.001 -17"><span class='ocrx_word' id='word_1_248' title='bbox 178 2094 364 2135; x_wconf 80' lang='lat' dir='ltr'><strong>moriam</strong></span> <span class='ocrx_word' id='word_1_249' title='bbox 398 2097 442 2135; x_wconf 94' lang='lat' dir='ltr'><strong>et</strong></span> <span class='ocrx_word' id='word_1_250' title='bbox 473 2092 690 2149; x_wconf 87' lang='lat' dir='ltr'><strong>particula</strong></span> <span class='ocrx_word' id='word_1_251' title='bbox 710 2091 763 2151; x_wconf 81' lang='grc' dir='ltr'><strong><em>ὃὴ</em></strong></span> <span class='ocrx_word' id='word_1_252' title='bbox 794 2107 907 2148; x_wconf 91' lang='grc'><strong>(11130</strong></span> <span class='ocrx_word' id='word_1_253' title='bbox 941 2097 1009 2136; x_wconf 89' lang='grc'><strong>081</strong></span> <span class='ocrx_word' id='word_1_254' title='bbox 1038 2095 1085 2136; x_wconf 90' lang='grc'><strong>111</strong></span> <span class='ocrx_word' id='word_1_255' title='bbox 1115 2110 1155 2136; x_wconf 89' lang='lat' dir='ltr'><strong>v.</strong></span> <span class='ocrx_word' id='word_1_256' title='bbox 1178 2094 1263 2136; x_wconf 85' lang='lat'><strong>437</strong></span> <span class='ocrx_word' id='word_1_257' title='bbox 1297 2097 1399 2149; x_wconf 89' lang='lat' dir='ltr'><strong>post</strong></span> <span class='ocrx_word' id='word_1_258' title='bbox 1424 2091 1551 2148; x_wconf 78' lang='grc' dir='ltr'><em>μόνον</em></span> <span class='ocrx_word' id='word_1_259' title='bbox 1581 2094 1773 2144; x_wconf 82' lang='lat' dir='ltr'><strong>breviter</strong></span> 
     </span>
     <span class='ocr_line' id='line_1_34' title="bbox 181 2152 1771 2207; baseline 0.001 -13"><span class='ocrx_word' id='word_1_260' title='bbox 181 2153 462 2207; x_wconf 85' lang='lat' dir='ltr'><strong>graviterque</strong></span> <span class='ocrx_word' id='word_1_261' title='bbox 493 2152 609 2195; x_wconf 90' lang='lat' dir='ltr'><strong>hunc</strong></span> <span class='ocrx_word' id='word_1_262' title='bbox 640 2153 826 2196; x_wconf 89' lang='lat' dir='ltr'><strong>discerni</strong></span> <span class='ocrx_word' id='word_1_263' title='bbox 847 2152 903 2195; x_wconf 92' lang='lat' dir='ltr'><strong>ab</strong></span> <span class='ocrx_word' id='word_1_264' title='bbox 926 2153 1082 2205; x_wconf 84' lang='lat' dir='ltr'><strong>altero,</strong></span> <span class='ocrx_word' id='word_1_265' title='bbox 1116 2157 1263 2196; x_wconf 89' lang='lat' dir='ltr'><strong>tamen</strong></span> <span class='ocrx_word' id='word_1_266' title='bbox 1292 2157 1498 2197; x_wconf 88' lang='lat' dir='ltr'><strong>narratur</strong></span> <span class='ocrx_word' id='word_1_267' title='bbox 1519 2154 1572 2196; x_wconf 92' lang='lat' dir='ltr'><strong>de</strong></span> <span class='ocrx_word' id='word_1_268' title='bbox 1593 2152 1771 2195; x_wconf 89' lang='lat' dir='ltr'><strong>Atlante</strong></span> 
     </span>
     <span class='ocr_line' id='line_1_35' title="bbox 181 2212 1773 2269; baseline 0 -14"><span class='ocrx_word' id='word_1_269' title='bbox 181 2212 463 2269; x_wconf 88' lang='lat' dir='ltr'><strong>amplissime,</strong></span> <span class='ocrx_word' id='word_1_270' title='bbox 496 2213 624 2268; x_wconf 90' lang='lat' dir='ltr'><strong>quasi</strong></span> <span class='ocrx_word' id='word_1_271' title='bbox 654 2216 787 2256; x_wconf 89' lang='lat' dir='ltr'><strong>antea</strong></span> <span class='ocrx_word' id='word_1_272' title='bbox 817 2214 871 2257; x_wconf 92' lang='lat' dir='ltr'><strong>de</strong></span> <span class='ocrx_word' id='word_1_273' title='bbox 903 2227 954 2257; x_wconf 93' lang='lat' dir='ltr'><strong>eo</strong></span> <span class='ocrx_word' id='word_1_274' title='bbox 976 2227 1119 2257; x_wconf 90' lang='lat' dir='ltr'><strong>sermo</strong></span> <span class='ocrx_word' id='word_1_275' title='bbox 1150 2228 1238 2256; x_wconf 91' lang='lat' dir='ltr'><strong>non</strong></span> <span class='ocrx_word' id='word_1_276' title='bbox 1269 2212 1414 2257; x_wconf 84' lang='lat' dir='ltr'><strong>fuerit.</strong></span> <span class='ocrx_word' id='word_1_277' title='bbox 1477 2212 1575 2256; x_wconf 90' lang='lat' dir='ltr'><strong>Huc</strong></span> <span class='ocrx_word' id='word_1_278' title='bbox 1605 2213 1773 2257; x_wconf 88' lang='lat' dir='ltr'><strong>accedit</strong></span> 
     </span>
     <span class='ocr_line' id='line_1_36' title="bbox 179 2273 1771 2329; baseline 0 -14"><span class='ocrx_word' id='word_1_279' title='bbox 179 2274 296 2327; x_wconf 88' lang='lat' dir='ltr'><strong>quod</strong></span> <span class='ocrx_word' id='word_1_280' title='bbox 328 2288 416 2316; x_wconf 89' lang='lat' dir='ltr'><strong>non</strong></span> <span class='ocrx_word' id='word_1_281' title='bbox 447 2287 589 2329; x_wconf 88' lang='lat' dir='ltr'><strong>pauca</strong></span> <span class='ocrx_word' id='word_1_282' title='bbox 620 2274 755 2316; x_wconf 88' lang='lat' dir='ltr'><strong>verba</strong></span> <span class='ocrx_word' id='word_1_283' title='bbox 786 2274 1003 2317; x_wconf 92' lang='lat' dir='ltr'><strong>debentur</strong></span> <span class='ocrx_word' id='word_1_284' title='bbox 1046 2274 1202 2317; x_wconf 89' lang='lat' dir='ltr'><strong>iisdem</strong></span> <span class='ocrx_word' id='word_1_285' title='bbox 1239 2273 1522 2324; x_wconf 90' lang='lat' dir='ltr'><strong>carminibus,</strong></span> <span class='ocrx_word' id='word_1_286' title='bbox 1571 2274 1627 2316; x_wconf 89' lang='lat' dir='ltr'><strong>ad</strong></span> <span class='ocrx_word' id='word_1_287' title='bbox 1658 2286 1771 2329; x_wconf 90' lang='lat' dir='ltr'><strong>quae</strong></span> 
     </span>
     <span class='ocr_line' id='line_1_37' title="bbox 177 2332 1772 2390; baseline 0.001 -15"><span class='ocrx_word' id='word_1_288' title='bbox 177 2332 308 2389; x_wconf 88' lang='lat' dir='ltr'><strong>hujus</strong></span> <span class='ocrx_word' id='word_1_289' title='bbox 359 2333 519 2376; x_wconf 88' lang='lat' dir='ltr'><strong>cantici</strong></span> <span class='ocrx_word' id='word_1_290' title='bbox 577 2347 752 2377; x_wconf 88' lang='lat' dir='ltr'><strong>carmen</strong></span> <span class='ocrx_word' id='word_1_291' title='bbox 809 2334 931 2390; x_wconf 90' lang='lat' dir='ltr'><strong>prius</strong></span> <span class='ocrx_word' id='word_1_292' title='bbox 989 2333 1226 2377; x_wconf 89' lang='lat' dir='ltr'><strong>formatum</strong></span> <span class='ocrx_word' id='word_1_293' title='bbox 1278 2347 1373 2377; x_wconf 89' lang='lat' dir='ltr'><strong>esse</strong></span> <span class='ocrx_word' id='word_1_294' title='bbox 1431 2333 1612 2377; x_wconf 90' lang='lat' dir='ltr'><strong>ostendi.</strong></span> <span class='ocrx_word' id='word_1_295' title='bbox 1702 2332 1772 2376; x_wconf 85' lang='lat' dir='ltr'><strong>Sic</strong></span> 
     </span>
     <span class='ocr_line' id='line_1_38' title="bbox 178 2391 1766 2451; baseline -0.001 -15"><span class='ocrx_word' id='word_1_296' title='bbox 178 2394 446 2450; x_wconf 87' lang='lat' dir='ltr'><strong>interpretes</strong></span> <span class='ocrx_word' id='word_1_297' title='bbox 492 2408 580 2437; x_wconf 90' lang='lat' dir='ltr'><strong>non</strong></span> <span class='ocrx_word' id='word_1_298' title='bbox 627 2393 876 2438; x_wconf 87' lang='lat' dir='ltr'><strong>debuerunt</strong></span> <span class='ocrx_word' id='word_1_299' title='bbox 921 2393 1132 2439; x_wconf 85' lang='lat' dir='ltr'><strong>vocabula</strong></span> <span class='ocrx_word' id='word_1_300' title='bbox 1189 2391 1561 2451; x_wconf 76' lang='grc' dir='ltr'><em>»ἀδαμαντοδέτοις</em></span> <span class='ocrx_word' id='word_1_301' title='bbox 1603 2391 1766 2449; x_wconf 80' lang='grc' dir='ltr'><em>λύμαις«</em></span> 
     </span>
     <span class='ocr_line' id='line_1_39' title="bbox 182 2454 1773 2511; baseline 0 -15"><span class='ocrx_word' id='word_1_302' title='bbox 182 2455 310 2509; x_wconf 90' lang='lat' dir='ltr'><strong>quasi</strong></span> <span class='ocrx_word' id='word_1_303' title='bbox 360 2454 756 2511; x_wconf 88' lang='lat' dir='ltr'><strong>interpretamenta</strong></span> <span class='ocrx_word' id='word_1_304' title='bbox 807 2454 851 2498; x_wconf 69' lang='lat' dir='ltr'><strong>e&#39;</strong></span> <span class='ocrx_word' id='word_1_305' title='bbox 883 2458 1008 2498; x_wconf 86' lang='lat' dir='ltr'><strong>textu</strong></span> <span class='ocrx_word' id='word_1_306' title='bbox 1059 2455 1259 2511; x_wconf 88' lang='lat' dir='ltr'><strong>rejicere,</strong></span> <span class='ocrx_word' id='word_1_307' title='bbox 1313 2456 1390 2498; x_wconf 87' lang='lat' dir='ltr'><strong>sed</strong></span> <span class='ocrx_word' id='word_1_308' title='bbox 1440 2458 1594 2497; x_wconf 88' lang='lat' dir='ltr'><strong>notare</strong></span> <span class='ocrx_word' id='word_1_309' title='bbox 1647 2468 1700 2497; x_wconf 88' lang='lat' dir='ltr'><strong>ea</strong></span> <span class='ocrx_word' id='word_1_310' title='bbox 1745 2468 1773 2496; x_wconf 89' lang='lat' dir='ltr'><strong>a</strong></span> 
     </span>
     <span class='ocr_line' id='line_1_40' title="bbox 177 2514 1772 2572; baseline -0.001 -14"><span class='ocrx_word' id='word_1_311' title='bbox 177 2518 312 2572; x_wconf 91' lang='lat' dir='ltr'><strong>poeta</strong></span> <span class='ocrx_word' id='word_1_312' title='bbox 371 2529 464 2558; x_wconf 90' lang='lat' dir='ltr'><strong>esse</strong></span> <span class='ocrx_word' id='word_1_313' title='bbox 526 2516 757 2572; x_wconf 89' lang='lat' dir='ltr'><strong>desumpta</strong></span> <span class='ocrx_word' id='word_1_314' title='bbox 809 2530 863 2559; x_wconf 84' lang='lat' dir='ltr'><strong>ex</strong></span> <span class='ocrx_word' id='word_1_315' title='bbox 914 2532 954 2559; x_wconf 88' lang='lat' dir='ltr'><strong>v.</strong></span> <span class='ocrx_word' id='word_1_316' title='bbox 1011 2515 1094 2560; x_wconf 88' lang='lat'><strong>147</strong></span> <span class='ocrx_word' id='word_1_317' title='bbox 1107 2531 1117 2567; x_wconf 75' lang='grc' dir='ltr'><strong>ς</strong></span> <span class='ocrx_word' id='word_1_318' title='bbox 1180 2529 1292 2571; x_wconf 88' lang='grc'><strong>(11130</strong></span> <span class='ocrx_word' id='word_1_319' title='bbox 1350 2515 1567 2558; x_wconf 88' lang='grc'><strong>111111113110</strong></span> <span class='ocrx_word' id='word_1_320' title='bbox 1619 2528 1670 2558; x_wconf 89' lang='grc'><strong>00</strong></span> <span class='ocrx_word' id='word_1_321' title='bbox 1720 2514 1772 2557; x_wconf 88' lang='lat' dir='ltr'><strong>fit</strong></span> 
     </span>
     <span class='ocr_line' id='line_1_41' title="bbox 178 2575 1772 2631; baseline -0.001 -13"><span class='ocrx_word' id='word_1_322' title='bbox 178 2575 450 2631; x_wconf 89' lang='lat' dir='ltr'><strong>probabilior</strong></span> <span class='ocrx_word' id='word_1_323' title='bbox 493 2575 612 2631; x_wconf 92' lang='lat' dir='ltr'><strong>quod</strong></span> <span class='ocrx_word' id='word_1_324' title='bbox 658 2576 705 2618; x_wconf 90' lang='lat' dir='ltr'><strong>in</strong></span> <span class='ocrx_word' id='word_1_325' title='bbox 751 2576 906 2620; x_wconf 90' lang='lat' dir='ltr'><strong>eodem</strong></span> <span class='ocrx_word' id='word_1_326' title='bbox 951 2576 1027 2619; x_wconf 88' lang='lat' dir='ltr'><strong>illo</strong></span> <span class='ocrx_word' id='word_1_327' title='bbox 1065 2579 1273 2619; x_wconf 84' lang='lat' dir='ltr'><strong>contextu</strong></span> <span class='ocrx_word' id='word_1_328' title='bbox 1304 2575 1466 2630; x_wconf 87' lang='lat' dir='ltr'><strong>legitur</strong></span> <span class='ocrx_word' id='word_1_329' title='bbox 1495 2575 1772 2631; x_wconf 89' lang='lat' dir='ltr'><strong>participium</strong></span> 
     </span>
     <span class='ocr_line' id='line_1_42' title="bbox 178 2632 1771 2692; baseline -0.001 -16"><span class='ocrx_word' id='word_1_330' title='bbox 178 2633 421 2685; x_wconf 80' lang='grc' dir='ltr'><em>εἷσεὸοῢσαν,</em></span> <span class='ocrx_word' id='word_1_331' title='bbox 453 2635 595 2679; x_wconf 89' lang='grc'><strong>311010</strong></span> <span class='ocrx_word' id='word_1_332' title='bbox 626 2639 775 2679; x_wconf 87' lang='grc'><strong>31110111</strong></span> <span class='ocrx_word' id='word_1_333' title='bbox 806 2636 899 2679; x_wconf 86' lang='grc'><strong>1000</strong></span> <span class='ocrx_word' id='word_1_334' title='bbox 931 2633 1150 2692; x_wconf 79' lang='grc' dir='ltr'><em>εἷσιόόμαν.</em></span> <span class='ocrx_word' id='word_1_335' title='bbox 1216 2635 1452 2692; x_wconf 91' lang='lat' dir='ltr'><strong>Aptissime</strong></span> <span class='ocrx_word' id='word_1_336' title='bbox 1483 2649 1612 2692; x_wconf 91' lang='lat' dir='ltr'><strong>porro</strong></span> <span class='ocrx_word' id='word_1_337' title='bbox 1649 2632 1771 2675; x_wconf 74' lang='grc' dir='ltr'><em>»ἁδα-</em></span> 
     </span>
     <span class='ocr_line' id='line_1_43' title="bbox 172 2694 1771 2753; baseline 0.001 -16"><span class='ocrx_word' id='word_1_338' title='bbox 172 2694 503 2751; x_wconf 79' lang='grc' dir='ltr'><em>μαντοὸέτοισιν&lt;&lt;</em></span> <span class='ocrx_word' id='word_1_339' title='bbox 540 2696 627 2739; x_wconf 87' lang='grc'><strong>(1101</strong></span> <span class='ocrx_word' id='word_1_340' title='bbox 656 2697 803 2753; x_wconf 91' lang='lat' dir='ltr'><strong>potuit</strong></span> <span class='ocrx_word' id='word_1_341' title='bbox 834 2697 889 2740; x_wconf 94' lang='lat' dir='ltr'><strong>de</strong></span> <span class='ocrx_word' id='word_1_342' title='bbox 921 2697 1142 2740; x_wconf 76' lang='lat' dir='ltr'><strong>laboribus</strong></span> <span class='ocrx_word' id='word_1_343' title='bbox 1164 2694 1414 2739; x_wconf 89' lang='lat' dir='ltr'><strong>Promethei</strong></span> <span class='ocrx_word' id='word_1_344' title='bbox 1443 2696 1589 2748; x_wconf 82' lang='lat' dir='ltr'><strong>vincti,</strong></span> <span class='ocrx_word' id='word_1_345' title='bbox 1621 2696 1771 2752; x_wconf 90' lang='lat' dir='ltr'><strong>inepte</strong></span> 
     </span>
     <span class='ocr_line' id='line_1_44' title="bbox 176 2755 1771 2812; baseline -0.001 -13"><span class='ocrx_word' id='word_1_346' title='bbox 176 2757 356 2812; x_wconf 88' lang='lat' dir='ltr'><strong>ponitur</strong></span> <span class='ocrx_word' id='word_1_347' title='bbox 388 2756 443 2799; x_wconf 90' lang='lat' dir='ltr'><strong>de</strong></span> <span class='ocrx_word' id='word_1_348' title='bbox 475 2756 655 2800; x_wconf 86' lang='lat' dir='ltr'><strong>Atlante</strong></span> <span class='ocrx_word' id='word_1_349' title='bbox 687 2756 856 2800; x_wconf 88' lang='lat' dir='ltr'><strong>caelum</strong></span> <span class='ocrx_word' id='word_1_350' title='bbox 887 2757 1080 2800; x_wconf 72' lang='lat' dir='ltr'><strong>humeris</strong></span> <span class='ocrx_word' id='word_1_351' title='bbox 1111 2755 1332 2800; x_wconf 87' lang='lat' dir='ltr'><strong>fulciente.</strong></span> <span class='ocrx_word' id='word_1_352' title='bbox 1394 2756 1460 2799; x_wconf 82' lang='lat' dir='ltr'><strong>Ex</strong></span> <span class='ocrx_word' id='word_1_353' title='bbox 1481 2755 1683 2799; x_wconf 91' lang='lat' dir='ltr'><strong>omnibus</strong></span> <span class='ocrx_word' id='word_1_354' title='bbox 1703 2755 1771 2798; x_wconf 86' lang='lat' dir='ltr'><strong>his</strong></span> 
     </span>
     <span class='ocr_line' id='line_1_45' title="bbox 177 2816 1771 2873; baseline 0 -15"><span class='ocrx_word' id='word_1_355' title='bbox 177 2817 317 2859; x_wconf 87' lang='lat' dir='ltr'><strong>causis</strong></span> <span class='ocrx_word' id='word_1_356' title='bbox 349 2817 493 2872; x_wconf 89' lang='lat' dir='ltr'><strong>quivis</strong></span> <span class='ocrx_word' id='word_1_357' title='bbox 523 2817 744 2872; x_wconf 83' lang='lat' dir='ltr'><strong>intelligit,</strong></span> <span class='ocrx_word' id='word_1_358' title='bbox 779 2817 815 2859; x_wconf 93' lang='lat' dir='ltr'><strong>si</strong></span> <span class='ocrx_word' id='word_1_359' title='bbox 848 2818 945 2872; x_wconf 88' lang='lat' dir='ltr'><strong>quis</strong></span> <span class='ocrx_word' id='word_1_360' title='bbox 972 2818 1160 2873; x_wconf 89' lang='lat' dir='ltr'><strong>primum</strong></span> <span class='ocrx_word' id='word_1_361' title='bbox 1182 2820 1227 2859; x_wconf 89' lang='lat' dir='ltr'><strong>et</strong></span> <span class='ocrx_word' id='word_1_362' title='bbox 1247 2816 1435 2859; x_wconf 91' lang='lat' dir='ltr'><strong>alterum</strong></span> <span class='ocrx_word' id='word_1_363' title='bbox 1456 2817 1672 2859; x_wconf 90' lang='lat' dir='ltr'><strong>canticum</strong></span> <span class='ocrx_word' id='word_1_364' title='bbox 1692 2816 1771 2859; x_wconf 92' lang='lat' dir='ltr'><strong>tri-</strong></span> 
     </span>
     <span class='ocr_line' id='line_1_46' title="bbox 176 2876 1771 2934; baseline 0 -15"><span class='ocrx_word' id='word_1_365' title='bbox 176 2877 284 2919; x_wconf 88' lang='lat' dir='ltr'><strong>buat</strong></span> <span class='ocrx_word' id='word_1_366' title='bbox 331 2877 407 2919; x_wconf 87' lang='lat' dir='ltr'><strong>uni</strong></span> <span class='ocrx_word' id='word_1_367' title='bbox 454 2876 683 2933; x_wconf 86' lang='lat' dir='ltr'><strong>eidemque</strong></span> <span class='ocrx_word' id='word_1_368' title='bbox 715 2881 887 2934; x_wconf 89' lang='lat' dir='ltr'><strong>poetae,</strong></span> <span class='ocrx_word' id='word_1_369' title='bbox 921 2892 1021 2920; x_wconf 89' lang='lat' dir='ltr'><strong>eum</strong></span> <span class='ocrx_word' id='word_1_370' title='bbox 1052 2876 1186 2920; x_wconf 88' lang='lat' dir='ltr'><strong>fuisse</strong></span> <span class='ocrx_word' id='word_1_371' title='bbox 1217 2877 1355 2920; x_wconf 91' lang='lat' dir='ltr'><strong>infimi</strong></span> <span class='ocrx_word' id='word_1_372' title='bbox 1388 2876 1580 2932; x_wconf 85' lang='lat' dir='ltr'><strong>generis;</strong></span> <span class='ocrx_word' id='word_1_373' title='bbox 1628 2890 1771 2932; x_wconf 87' lang='lat' dir='ltr'><strong>neque</strong></span> 
     </span>
    </p>
   </div>
  </div>
 </body>
</html>
