2003 3216
847 111 911 124 --
974 90 1029 133 21
1087 111 1150 124 4

215 229 265 268 ut
294 225 388 280 ipse
420 233 520 265 cum
537 220 673 264 fratre
703 223 934 277 pugnaret,
967 220 1123 264 chorus
1155 221 1208 264 de
1230 219 1397 278 Oedipo
1429 224 1474 264 et
1503 220 1592 264 alia
1622 224 1667 264 et
1685 220 1794 264 haec

216 286 365 328 cantat
395 282 440 325 in
470 296 538 325 vv.
572 281 659 324 768
692 294 809 336 sqq..
798 294 809 304 ·

501 339 685 383 τέκνοισιν
715 338 862 398 δ’ἀράς
1117 386 1121 390 ,

501 400 652 458 ἐφῆκεν
681 399 886 450 ἐπικότους
912 403 1079 458 τροφᾶς,

501 578 568 621 διὰ
593 579 693 637 χερι
721 578 817 622 ποτὲ
846 579 987 638 λαχεῖν

501 637 696 696 πήματα·
729 640 797 682 νῦν
828 638 876 682 δὲ
906 638 1016 713 τρέω

455 747 459 749 ,
494 697 553 757 μὴ
584 697 724 758 τελέσῃ
754 698 978 758 καμψίπυυς
1004 696 1159 757 Ἐοινύς.

214 760 298 804 Sed
335 759 417 802 hoc
447 759 631 802 artificio
668 763 801 816 poeta
837 763 905 803 est
940 774 1045 803 usus
1097 762 1148 802 ut
1181 759 1227 801 in
1264 759 1399 816 priori
1443 759 1617 804 fabulae
1662 762 1791 817 parte

211 820 349 877 patris
381 820 723 864 exsecrationem
752 819 844 864 fere
866 834 953 863 non
973 823 1349 864 commemoraret:
1381 820 1569 877 primum
1596 820 1691 878 ipse
1711 834 1790 864 rex

212 880 287 923 ubi
318 878 486 922 audivit
522 894 576 923 ex
607 880 760 923 nuntio
791 879 940 923 hostes
970 881 1181 936 impetum
1200 893 1358 936 parare
1378 881 1424 923 in
1445 880 1611 933 urbem,
1646 881 1790 924 obiter

214 954 310 982 eam
343 939 558 994 significat
589 939 783 982 cumbis
814 943 966 982 utatur
995 939 1158 983 verbis·

498 996 554 1039 ὦ
566 997 650 1040 Ζεῦ
680 1014 723 1041 τε
752 999 818 1040 καὶ
851 996 912 1057 Γῆ
942 999 1007 1040 καὶ
1037 996 1306 1100 πολισσοσῗξοι
1320 996 1424 1049 θεοί,

499 1055 594 1115 'Apa'
621 1058 653 1100 τ’
675 1055 841 1116 ’ἧοινὺς
849 1057 1047 1116 πατρὸςὴ
1071 1073 1179 1115 pera
1237 1072 1333 1116 ενης

492 1118 551 1176 μή
575 1134 688 1175 μοι
676 1118 785 1161 πόλιν
816 1133 861 1174 γε
892 1116 1122 1176 πρεμνόθεν
1153 1116 1418 1176 πανώλεθρον

209 1239 403 1282 Deinde
414 1176 1019 1296 Ιοῃὲἔθζῗὲἶέτῗῐῇθῳοώο
1053 1238 1169 1282 idem
1199 1241 1294 1282 tum
1326 1238 1500 1282 demum
1538 1238 1677 1296 patris
1707 1238 1789 1281 im-

139 1314 144 1318 ·
209 1299 501 1356 precationem
522 1300 719 1356 agnoscit
749 1299 824 1343 ubi
859 1299 1068 1357 comperit
1098 1298 1211 1342 forte
1249 1300 1436 1355 quadam
1462 1298 1587 1342 fatali
1607 1298 1790 1342 fratrem

210 1360 392 1403 eandem
437 1363 570 1415 atque
618 1375 663 1404 se
711 1360 946 1417 sumpsisse
999 1363 1185 1417 portam.
1271 1358 1470 1416 Namque
1517 1359 1580 1403 sic
1632 1363 1790 1403 sonant

208 1436 275 1464 vv.
309 1420 396 1464 636
429 1434 545 1476 sqq.:
1298 1446 1304 1450 -

497 1478 533 1522 ὦ
565 1479 766 1537 θεομανές
793 1495 835 1524 τε
867 1481 932 1523 καὶ
963 1478 1076 1523 θεῶν
1100 1479 1208 1537 μέγα
1238 1478 1390 1536 στύγος,

496 1538 533 1581 ὦ
564 1540 840 1598 πανδώςουτυν
871 1540 974 1597 ἁμὸν
1013 1539 1175 1582 θῑδὶπυυ
1206 1539 1332 1593 γένος·

496 1598 532 1642 ὦ
556 1616 627 1658 μοι
656 1599 809 1659 πατρὸς
836 1599 888 1660 δὴ
920 1602 988 1643 νῦν
1018 1599 1129 1658 α’ραι
1147 1598 1397 1659 τελεσφόροι.

208 1660 316 1703 Τ11111
347 1664 392 1703 et
422 1660 620 1704 Eteocles
650 1662 764 1718 ipse,
815 1662 917 1704 dum
949 1675 976 1703 a
1005 1660 1134 1704 choro
1164 1661 1210 1703 in
1240 1660 1454 1717 proelium
1483 1661 1657 1717 prodire
1687 1676 1787 1718 pro-

209 1720 403 1772 hibetur,
451 1721 611 1764 iterum
642 1725 775 1776 atque
807 1721 980 1777 saepius
1013 1721 1128 1765 diras
1166 1723 1491 1773 commemorat,
1542 1724 1587 1765 et
1617 1720 1785 1774 chorus,

209 1780 285 1823 ubi
315 1780 428 1823 alter
458 1780 577 1833 abiit,
613 1781 830 1836 significat
860 1784 905 1825 et
924 1784 975 1824 ut
995 1781 1122 1825 modo
1153 1781 1336 1833 ostendi,
1369 1781 1564 1838 apertius
1585 1780 1786 1838 explicat.

208 1839 448 1896 Postquam
487 1844 634 1885 autem
671 1841 850 1885 nuntius
891 1841 1022 1885 rediit
1066 1843 1118 1884 ut
1153 1844 1349 1884 mutuam
1385 1840 1571 1885 fratrum
1608 1840 1787 1885 caedem

209 1902 445 1955 nuntiaret,
478 1902 668 1958 virgines
701 1905 745 1946 et
776 1900 862 1947 alia
893 1905 939 1946 et
967 1902 1076 1946 haec
1107 1900 1274 1946 dicunt:

497 1961 716 2021 ἐξέπραξεν
748 1961 834 2004 οὐδ’
866 1962 1032 2004 ἀπεῖπεν

494 2021 700 2081 πατρόθεν
731 2021 893 2065 εὐκταία
924 2023 1049 2079 φάτις.

208 2082 287 2125 Η18
319 2083 543 2126 versiculis
575 2098 790 2126 summum
820 2082 994 2127 fabulae
1027 2082 1253 2126 consilium
1284 2083 1340 2126 ad
1370 2083 1502 2127 finem
1527 2083 1787 2140 perductum

208 2156 302 2185 esse
335 2142 569 2198 significari
599 2143 773 2187 videtis:
807 2157 948 2198 neque
979 2147 1126 2186 tamen
1159 2143 1215 2185 ab
1235 2142 1440 2197 Aeschyli
1470 2146 1566 2187 arte
1596 2142 1787 2192 alienum

206 2202 378 2246 videtur
418 2202 535 2258 quod
573 2204 676 2247 dum
708 2206 941 2247 cantantur
974 2200 1059 2244 τάδ’
1093 2199 1299 2260 αὐτόδηλα
1331 2206 1376 2246 et
1407 2215 1520 2259 quae
1542 2206 1788 2259 sequuntur

205 2263 251 2305 in
282 2278 349 2306 vv.
384 2264 635 2316 830—839,
669 2263 856 2307 Eteoclis
889 2266 935 2307 et
954 2262 1171 2320 Polynicis
1203 2276 1384 2319 corpora
1413 2264 1460 2306 in
1490 2277 1664 2307 scenam
1683 2278 1786 2320 pro-

205 2322 424 2377 feruntur,
467 2327 512 2367 et
543 2323 698 2368 deinde
730 2322 949 2380 Antigona
979 2327 1025 2367 et
1054 2323 1230 2367 Ismena
1260 2337 1431 2367 sorores
1459 2324 1701 2380 procedunt
1736 2327 1788 2367 ut

205 2399 303 2426 cum
334 2384 462 2428 choro
494 2385 677 2428 invicem
715 2388 892 2428 cantent
922 2382 1131 2443 »θρῆνονι
1167 2384 1484 2440 insequentem.
1546 2382 1787 2441 Postquam

205 2447 354 2488 autem
385 2444 540 2488 chorus
570 2445 777 2502 plangere
810 2444 998 2497 destitit,
1048 2448 1218 2488 sorores
1250 2443 1368 2488 solae
1399 2443 1533 2488 talem
1562 2444 1786 2502 planctum

205 2504 332 2548 edere
353 2508 542 2562 pergunt
572 2509 623 2549 ut
658 2505 876 2561 Antigona
895 2503 1159 2561 Polynicem,
1181 2505 1356 2549 Ismena
1376 2504 1596 2549 Eteoclem
1615 2505 1786 2562 lugeat;

203 2565 249 2608 in
281 2565 487 2609 extremis
526 2569 673 2610 autem
702 2565 833 2623 hujus
877 2564 1082 2623 planctus
1127 2564 1350 2609 versiculis
1387 2565 1650 2622 profitentur
1688 2579 1786 2609 sese

200 2626 292 2682 jam
322 2625 483 2670 fratres
501 2641 639 2684 prope
658 2629 830 2684 patrem
851 2640 947 2670 esse
979 2625 1240 2683 sepulturas.
1304 2625 1390 2670 Sed
1409 2626 1585 2670 nuntiat
1613 2640 1783 2684 praeco,

204 2686 260 2730 ab
281 2686 402 2731 urbis
426 2685 702 2731 senatoribus
722 2686 895 2741 missus,
928 2685 1149 2731 Eteoclem
1170 2700 1332 2743 regem,
1352 2701 1432 2743 pro
1452 2686 1622 2744 'patriae
1643 2686 1785 2730 salute

203 2750 436 2799 mortuum,
485 2747 736 2792 solemniter
779 2747 835 2790 iri
880 2746 1121 2804 sepultum3
1167 2746 1245 2792 sed
1295 2745 1567 2804 Polynicem‚
1613 2746 1785 2804 patriae

203 2805 386 2859 hostem,
419 2807 596 2865 sepeliri
627 2822 723 2852 esse
754 2807 957 2851 vetitum:
996 2808 1128 2850 immo
1159 2821 1315 2864 corpus
1346 2807 1439 2865 ejus
1456 2807 1711 2864 oprojectum
1730 2807 1785 2849 iri

203 2867 383 2918 canibus
416 2871 460 2912 et
490 2868 749 2916 volucribus.
811 2867 927 2913 Huic
956 2870 1207 2913 senatorum
1238 2868 1411 2913 decreto
1439 2867 1658 2925 Antigona
1688 2881 1784 2912 sese
