2003 3216
870 112 1165 156 —16—

439 242 583 295 ἵππους
609 242 692 288 δ’ἐν
723 243 996 343 ἄμπυκι-ἥρων
1023 244 1351 304 ἐμβρςαωμένους

440 303 551 354 δινεῖ,
584 302 787 353 θελούσας
813 304 917 361 πρὸς
944 304 1085 354 πύλαις
1111 305 1362 348 πεπωκέναι.

224 361 401 406 Etenim
423 363 505 407 nisi
536 363 612 407 ille
634 364 854 420 cogitatur
883 365 1096 422 impetum
1116 366 1162 408 in
1182 365 1331 409 hostes
1351 364 1494 410 facere
1517 379 1610 409 esse
1631 365 1808 418 vetitus,
1852 361 1869 420 γ’

221 437 308 465 11011
341 423 606 478 intelligitur
636 437 765 466 causa
796 438 873 466 cur
903 425 1091 467 retineat
1124 439 1258 480 equos
1285 426 1331 468 in
1358 429 1509 482 portas
1538 425 1808 469 festinantes.

222 481 359 526 Porro
397 482 514 526 idem
545 481 637 526 fere
669 486 802 539 atque
835 483 888 527 de
919 482 1083 539 Tydeo,
1132 484 1179 527 in
1210 499 1341 541 quem
1386 485 1609 543 pertinent
1646 501 1687 529 v.
1720 484 1808 529 360

221 544 355 585 verba
400 541 504 599 »ἤδη
546 542 649 598 πρὸς
684 540 862 591 πύλαισι
884 541 1081 599 βρέμεια,
1135 545 1294 587 (11611111
1337 545 1392 587 (16
1438 545 1525 602 Hip
1526 546 1806 602 pomedonte·

221 616 323 645 nam
353 605 586 659 postquam
616 602 728 646 scuti
758 602 930 659 signum
950 603 1184 660 superbum
1217 606 1283 648 est
1315 562 1593 662 descriptpum,
1629 604 1683 649 (16
1714 605 1808 661 ipso

221 663 312 704 viro
344 662 451 704 haec
481 662 662 704 nuntius
694 662 837 705 dicere
869 663 1033 718 pergit:

438 719 562 772 αὐτὸς
589 720 650 765 δ’ἐ
652 720 892 781 πήλάλαξεν,
924 718 1070 773 ἔνθεος
1097 721 1136 765 δ’
1161 718 1266 781 Ἄρει

433 782 580 840 βακχᾷ
607 781 711 839 πρὸς
738 782 860 840 ἀλκὴν
901 782 1019 832 θνιὰς
1046 783 1105 832 ὡς
1106 783 1260 884 λφόνον
1286 782 1463 838 βλέπων.

437 840 595 884 τοιοῦδε
626 841 766 899 φωτὸς
793 844 938 900 πεῖραν
969 840 1017 885 εὖ
1048 842 1282 900 φυλακτέον·

438 901 573 959 φόβος
600 902 679 960 γὰρ
712 900 792 961 ἤδη
823 902 966 960 πρὸς
955 902 1095 953 πύλαις
1122 903 1373 960 κομπάζεται.
1424 901 1516 960 (vv.
1540 904 1628 948 480
1649 903 1763 960 sqq.)

220 961 385 1013 Quibus
416 976 470 1004 ex
501 962 695 1005 versibus
734 967 953 1005 extremus
990 963 1099 1006 haec
1130 964 1233 1006 dicit
1289 965 1504 1021 »jactatur
1549 964 1605 1007 ab
1636 978 1688 1006 eo
1716 965 1808 1020 jam

219 1036 355 1078 prope
387 1026 537 1079 portas
573 1022 765 1065 hostium
795 1022 951 1078 fuga‹;
999 1024 1055 1067 ad
1085 1023 1228 1081 ipsum
1266 1025 1381 1067 enim
1412 1023 1807 1081 Hippomedontem

219 1082 441 1138 pertinere
487 1083 752 1128 locutionem
805 1081 967 1139 »φόβος
994 1082 1265 1139 κομπάζεται«
1316 1085 1388 1128 vix
1428 1088 1493 1127 est
1523 1084 1806 1134 monendum;

220 1142 376 1186 deinde
409 1142 563 1186 vocula
600 1140 729 1201 »ἤὸηα
765 1142 846 1186 1106
883 1144 976 1186 loco
1008 1144 1170 1187 arctius
1205 1144 1429 1201 jungenda
1459 1147 1525 1188 est
1555 1158 1653 1188 cum
1684 1157 1809 1187 voca-

218 1203 333 1246 bulis
370 1203 500 1259 >2⁷rpb:
529 1201 692 1248 πύλαις<<
731 1217 863 1258 quam
885 1218 981 1246 cum
1013 1203 1091 1246 illa
1121 1204 1359 1247 locutione:
1395 1204 1558 1248 etenim
1592 1204 1809 1247 »hostium

218 1262 368 1318 fugam
395 1264 589 1320 jactare«
626 1262 737 1306 nihil
769 1262 989 1320 peculiare
1021 1263 1173 1315 habet3
1218 1264 1349 1307 immo
1382 1278 1435 1307 ea
1466 1263 1521 1308 de
1554 1278 1685 1308 causa
1715 1278 1808 1307 cer-

218 1327 367 1367 tamen
415 1324 509 1380 ejus
541 1327 587 1367 et
616 1324 805 1381 impetus
845 1325 957 1367 bene
1003 1328 1105 1367 sunt
1150 1325 1343 1368 cavenda
1375 1325 1490 1380 quod
1533 1325 1671 1381 jactat
1716 1339 1808 1368 sese

215 1384 307 1440 jam
337 1398 474 1441 prope
506 1387 667 1440 portas.
739 1384 907 1427 Deinde
939 1384 1047 1427 mihi
1079 1385 1254 1440 quidem
1284 1385 1489 1428 videntur
1520 1384 1669 1440 Argivi
1699 1399 1808 1427 non-

218 1443 331 1487 nulli
370 1459 467 1488 eam
505 1444 782 1500 potissimum
813 1445 868 1488 ob
901 1459 1074 1488 causam
1109 1445 1308 1501 profiteri
1353 1459 1445 1489 sese
1485 1445 1619 1488 etiam
1658 1448 1809 1488 contra

219 1503 401 1546 deorum
432 1504 706 1546 voluntatem
733 1503 900 1546 Thebas
932 1518 1023 1546 esse
1055 1508 1394 1573 oppugnaturos,
1429 1504 1544 1559 quod
1565 1505 1620 1547 ab
1641 1504 1809 1561 impetu

218 1563 466 1608 retinentur
504 1564 617 1608 vatis
655 1579 880 1632 responso
939 1564 1101 1621 quippe
1147 1565 1222 1620 qui
1260 1565 1392 1608 sacris
1428 1564 1553 1609 factis
1591 1565 1809 1608 monuerit

220 1624 388 1667 Thebas
420 1627 720 1693 oppugnatum
752 1624 809 1666 iri
841 1625 921 1667 diis
951 1625 1112 1667 invitis.

340 1684 405 1728 Ex
435 1684 488 1728 115
521 1698 633 1741 quae
672 1684 821 1728 monui
862 1688 1047 1742 apparet
1083 1684 1160 1729 illa
1191 1684 1246 1729 de
1276 1684 1421 1742 Tydeo
1458 1684 1632 1729 fictione
1671 1684 1807 1729 inter-

217 1745 407 1802 polatori
439 1747 630 1802 ascripta
660 1759 748 1788 non
779 1760 905 1802 posse
944 1745 1134 1801 intelligi
1170 1749 1490 1803 neque-totam
1522 1746 1574 1789 de
1605 1745 1699 1788 viro
1729 1746 1807 1788 illo

218 1806 515 1849 narrationem
561 1820 704 1861 neque
751 1806 923 1862 singula
969 1807 1200 1862 quaedam,
1256 1819 1367 1862 quae
1414 1809 1516 1849 sunt
1561 1806 1717 1852 ceteris
1761 1806 1807 1848 in

218 1866 507 1919 orationibus,
556 1881 700 1922 neque
741 1895 796 1899 —
838 1867 955 1922 quod
1000 1882 1216 1909 summum
1262 1866 1438 1910 videtur
1485 1894 1540 1899 ——
1590 1866 1807 1922 quomodo

218 1927 418 1969 excusari
438 1927 634 1983 potuerit
664 1928 799 1969 totius
821 1941 976 1970 scenae
998 1941 1131 1979 mora,
1167 1940 1278 1982 quae
1300 1926 1351 1969 fit
1373 1927 1475 1970 dum
1498 1930 1599 1969 sunt
1618 1926 1807 1969 hostium

218 1986 368 2043 copiae
391 1987 472 2030 sub
493 1986 722 2030 moenibus
744 1987 859 2043 ipsis.
919 1986 1075 2042 Itaque
1096 1986 1328 2030 Richterus
1351 1986 1564 2029 commisit
1584 1986 1806 2043 piaculum

217 2047 392 2090 fictione
423 2047 501 2089 illa
532 2047 588 2090 ab
619 2046 831 2103 Aeschylo
864 2046 1128 2103 abjudicata.

337 2106 364 2150 J
366 2121 438 2150 am
475 2121 579 2150 vero
617 2106 759 2150 dicam
797 2105 851 2150 de
892 2107 1097 2150 extremis
1136 2107 1272 2150 trium
1309 2106 1555 2150 orationum
1592 2104 1804 2159 versibus,

217 2182 327 2223 quos
374 2167 702 2224 interpolatoris
752 2167 1067 2211 additamentis
1113 2168 1179 2210 vir
1216 2167 1370 2210 doctus
1409 2167 1670 2224 depravatos
1710 2180 1805 2210 esse

216 2228 387 2270 statuit.
451 2228 509 2270 Et
539 2228 729 2284 primum
760 2230 811 2270 ut
847 2228 1049 2284 incipiam
1089 2241 1116 2270 a
1145 2226 1277 2271 rebus
1308 2226 1556 2280 levioribus,
1599 2226 1806 2282 judicabo

218 2288 272 2331 de
306 2289 513 2331 extremis
546 2287 745 2332 versibus
778 2288 990 2345 septimae
1022 2288 1138 2343 regis
1171 2288 1393 2340 orationis,
1428 2301 1516 2343 qua
1546 2301 1642 2330 sese
1663 2287 1807 2344 ipsum

215 2349 262 2391 in
293 2348 475 2392 fratrem
506 2352 806 2405 pugnaturum
839 2363 934 2391 6556
966 2348 1044 2391 ait.
1109 2348 1168 2391 Hi
1198 2362 1351 2392 versus
1383 2348 1445 2391 sic
1476 2351 1653 2391 sonant:

433 2407 586 2460 τούτοις
613 2406 821 2459 πεποιθὼς
849 2406 926 2467 εἶμι
955 2424 1021 2451 και
1053 2407 1295 2468 ξυστήσομαι

436 2469 568 2520 αὐτός·
603 2469 660 2520 τίς
687 2468 809 2519 ἄλλος
828 2469 983 2527 μᾶλλον
1015 2469 1296 2528 ἐνὸικώτεμοςς

434 2529 605 2591 ᾤοχοντί
631 2528 808 2606 τ’ἄρχων
839 2545 905 2572 και
935 2529 1157 2590 κασιγνήτῳ
1188 2530 1299 2580 κασις

433 2591 591 2693 ἐχθρὸς
618 2590 690 2633 σὺν
722 2588 873 2650 ἐχθρῷ
901 2591 1108 2649 στήσομαι.
1138 2590 1236 2648 φέρ’
1267 2591 1327 2640 ὡς
1353 2591 1478 2649 τάχος

434 2653 552 2711 κνημῒ
548 2651 636 2701 ὸ“,ας
669 2651 817 2710 αἰχμῆς
843 2666 910 2693 και
941 2654 1100 2723 πετρῶν
1132 2650 1410 2724 προβλήματα.

217 2711 414 2756 Offendit
459 2711 692 2755 Richterus
738 2712 784 2754 in
829 2711 975 2755 verbis
1027 2709 1227 2770 »ἄρχοντί
1261 2708 1442 2769 τ’ἄρχων
1479 2725 1546 2752 και
1577 2708 1807 2778 κασιγνήτῳ

216 2772 342 2822 κάσις,
382 2769 538 2830 ἐκθρος
566 2770 642 2813 σὺν
680 2769 828 2831 ἐχθρῷ
865 2770 1105 2831 στήσομακ.
1169 2771 1344 2815 Etenim
1381 2771 1427 2814 in
1465 2771 1561 2828 ipsa
1593 2769 1808 2813 enuntiati

214 2832 475 2876 formatione
508 2833 675 2889 aliquid
713 2832 856 2876 scabri
893 2833 1037 2877 inesse
1076 2833 1261 2905 putavit,
1302 2831 1421 2888 quod
1451 2829 1658 2875 membris
1689 2831 1807 2888 prio-

214 2893 338 2937 ribus
369 2897 488 2937 arcte
529 2893 772 2951 conjunctis
803 2892 1030 2950 particulis
1065 2907 1122 2935 τε-
1126 2890 1196 2935 καὶ
1229 2893 1410 2937 1611111111
1442 2891 1683 2936 adderetur
1713 2891 1807 2935 sine
