2003 3216
815 87 1111 129 -59-

176 224 379 277 detegere
409 220 576 274 sibique
607 219 875 263 vinculorum
905 233 1079 262 causam
1111 219 1252 263 dicere
1279 220 1447 275 jubent.
1508 218 1678 262 Videtis
1699 234 1752 262 ex

174 296 294 327 more
324 279 565 337 Aeschyleo
595 277 835 323 Oceanides
867 278 1014 335 eloqui
1043 279 1311 335 apertissime
1332 293 1419 322 non
1440 278 1568 322 modo
1590 282 1755 334 quanta

134 354 136 356 ’
178 341 474 386 misericordia
501 342 686 382 utantur
715 340 761 382 in
780 338 1102 391 Prometheum,
1133 340 1210 383 sed
1240 339 1373 383 etiam
1404 338 1523 395 quali
1553 338 1652 382 odio
1683 353 1753 381 ar-

176 399 307 446 deant
350 401 398 443 in
434 399 602 443 Jovem.
664 398 845 443 Accedit
891 398 1007 456 quod
1046 412 1144 442 cum
1175 399 1391 456 virginum
1422 398 1616 443 versibus
1646 397 1754 442 Pro-

173 461 338 507 methei
383 459 610 516 anapaesti
646 463 738 503 tam
777 462 908 510 arcte
927 458 1161 504 cohaerent
1189 463 1240 503 ut
1270 459 1476 516 dirempti
1520 473 1662 515 neque
1708 458 1755 502 hi

175 536 317 578 neque
363 520 429 564 illi
473 519 662 576 intelligi
707 523 946 576 nequeant:
994 523 1207 576 quantum
1250 523 1401 564 autem
1436 520 1613 563 valeant
1648 534 1754 562 ana-

174 582 315 639 paesti
344 581 391 624 in
411 580 628 624 Themidis
658 584 824 624 secreto
855 584 988 636 atque
1009 579 1258 625 Promethei
1278 581 1599 637 praesagitione
1620 580 1754 636 signi-

174 642 356 686 ficandis
403 641 511 684 satis
550 655 769 697 superque
805 655 1015 697 apparere
1053 644 1160 697 puto
1191 656 1246 685 ex
1274 641 1408 685 tertia
1439 641 1755 685 dissertationis

173 706 312 759 parte,
345 702 405 744 sic
434 704 486 744 ut
514 701 631 744 idem
661 701 742 745 hoc
768 702 863 745 loco
883 705 1082 757 repetere
1103 702 1411 758 supersedeam
1430 706 1564 758 atque
1584 715 1755 757 sperem

175 762 392 806 neminem
430 762 476 804 in
516 761 695 805 dubium
733 776 827 805 esse
857 765 1110 805 vocaturum
1143 777 1291 805 eorum
1323 761 1533 818 originem
1565 760 1755 818 Aeschy-

174 824 302 865 leam.
365 821 566 864 Eundem
611 825 758 865 autem
800 822 1016 877 virginum
1052 822 1246 865 animum
1281 822 1388 866 mihi
1417 821 1755 879 deprehendisse

175 882 324 925 videor
353 882 399 924 in
430 881 605 924 fabulae
635 883 785 925 exodo.
848 881 1022 925 Etenim
1051 886 1281 938 postquam
1304 882 1544 925 Mercurius
1566 882 1756 925 minatus

175 946 240 987 est
269 942 467 986 Titanem
511 955 600 985 una
630 957 728 985 cum
765 956 874 999 rupe
921 942 991 985 cui
1021 941 1179 986 affixus
1208 942 1411 986 haereret
1440 956 1611 985 summa
1657 956 1755 985 cum

174 1007 434 1059 tempestate
476 1002 523 1045 in
570 1001 728 1046 Orcum
772 1004 828 1045 iri
858 1003 1088 1060 dejectum,
1116 1002 1243 1060 jubet
1274 1017 1346 1046 eas
1377 1002 1432 1046 de
1462 1003 1557 1047 loco
1588 1003 1754 1054 cedere,

175 1078 229 1107 ne
261 1078 350 1106 una
380 1078 479 1107 cum
510 1062 649 1106 altero
679 1066 875 1119 pereant.
939 1062 1024 1106 Sed
1054 1062 1155 1107 illae
1188 1067 1288 1106 eum'
1313 1067 1365 1106 ut
1385 1063 1506 1106 aliud
1527 1063 1633 1119 quid
1653 1077 1756 1120 pro-

174 1124 288 1167 ferat
326 1124 581 1174 admonent3
628 1124 756 1167 modo
796 1138 895 1167 eum
926 1124 1112 1167 suasisse
1143 1123 1354 1167 malitiem
1390 1138 1533 1180 neque
1563 1138 1757 1179 unquam

179 1198 273 1227 sese
304 1184 473 1226 futuras
505 1197 600 1226 esse
631 1183 874 1239 proditores
904 1184 1101 1226 miseras:
1134 1184 1266 1226 immo
1297 1184 1443 1226 omnia
1473 1198 1520 1226 se
1550 1197 1757 1240 passuras

178 1259 275 1287 cum
305 1243 577 1287 Prometheo.
640 1243 782 1295 Quid?
828 1243 1017 1299 virgines
1054 1244 1101 1286 in
1131 1244 1327 1287 versibus
1358 1243 1443 1287 illis
1477 1244 1605 1295 1065,
1642 1244 1755 1287 1067

134 1326 136 1328 ·
178 1318 321 1347 nonne
361 1303 638 1355 Mercurium,
679 1307 725 1346 et
759 1304 902 1359 ipsum
937 1318 1096 1347 novum
1128 1303 1270 1356 deum,
1304 1304 1526 1360 despicere
1556 1303 1760 1347 videntur

178 1368 311 1419 atque
358 1364 652 1408 contemnere!
716 1363 836 1407 Haec
881 1364 1027 1407 omnia
1072 1364 1130 1407 ad
1162 1378 1214 1407 ea
1245 1378 1357 1420 quae
1388 1365 1434 1407 in
1464 1364 1627 1419 parodo
1657 1364 1760 1407 sunt

178 1424 400 1483 professae
443 1428 534 1468 tam
579 1424 691 1468 bene
730 1424 949 1481 quadrant
978 1428 1029 1468 ut
1060 1428 1105 1468 et
1135 1424 1264 1469 exodi
1292 1441 1360 1469 vv.
1385 1424 1682 1469 1062—1069
1714 1427 1760 1467 et

177 1486 331 1541 parodi
368 1486 558 1528 carmina
593 1486 649 1527 ab
679 1500 766 1528 uno
797 1486 1036 1540 eodemque
1066 1489 1199 1542 poeta
1228 1485 1425 1540 profecta
1455 1500 1549 1528 esse
1581 1488 1759 1527 conten-

180 1545 293 1589 dam.
358 1545 445 1589 Sed
477 1545 574 1601 quis
605 1559 798 1600 unquam
829 1544 1009 1588 audebit
1038 1545 1139 1588 illos
1177 1559 1329 1588 versus
1368 1560 1446 1589 suo
1478 1559 1531 1589 ex
1563 1559 1759 1588 connexu

181 1606 383 1648 dirimere
423 1608 469 1648 et
499 1605 574 1646 alii
605 1606 774 1648 cuidam
804 1609 960 1661 poetae
991 1606 1184 1648 tribuere
1216 1609 1348 1662 atque
1380 1609 1518 1648 totam
1551 1605 1756 1648 exodum!

177 1665 285 1708 haec
315 1668 462 1708 autem
493 1664 656 1707 exodus
686 1669 866 1720 propter
887 1679 1103 1708 summum
1123 1666 1382 1720 argumenti,
1405 1664 1650 1716 verborum,
1678 1679 1760 1707 nu-

177 1740 394 1768 merorum
441 1724 716 1781 splendorem
762 1726 822 1767 sic
860 1729 928 1767 est
973 1729 1224 1781 comparata
1270 1728 1321 1767 ut
1359 1725 1502 1768 adhuc
1548 1727 1760 1780 quantum

180 1786 315 1828 sciam
351 1799 478 1827 nemo
511 1798 606 1827 eam
637 1785 949 1841 abjudicaverit
986 1799 1128 1839 neque
1159 1781 1355 1841 unquam
1386 1799 1651 1852 quemquam
1681 1783 1759 1827 ab·

178 1846 475 1901 judicaturum
507 1858 599 1887 esse
630 1844 843 1887 confidam
875 1859 902 1887 a
933 1859 1101 1887 summo
1131 1845 1397 1900 tragicorum
1426 1845 1633 1901 principe.

298 1904 425 1947 Nunc
460 1904 831 1947 considerabimus
868 1904 1012 1947 sintne
1050 1908 1292 1947 ceterorum
1324 1906 1592 1948 canticorum
1621 1903 1761 1947 forma

180 1968 571 2019 argumentumque
602 1963 806 2020 Aeschyli
843 1967 938 2007 arte
977 1965 1120 2019 digna.
1183 1964 1241 2007 Et
1284 1965 1473 2020 primum
1518 1967 1637 2007 recte
1683 1978 1760 2006 no-

179 2024 290 2068 tavit
319 2023 615 2080 Westphalius
651 2023 758 2067 haec
795 2024 881 2066 tria
912 2024 1083 2067 cantica
1121 2037 1173 2067 ea
1202 2024 1476 2080 potissimum
1506 2038 1553 2067 re
1586 2022 1761 2067 differre

179 2099 206 2127 a
236 2099 389 2128 norma
423 2084 665 2140 Aeschylea
711 2084 828 2139 quod
873 2084 995 2139 prius
1041 2081 1127 2141 (vv,
1160 2083 1420 2142 401—437)
1466 2087 1638 2127 teneret
1674 2083 1761 2126 duo

179 2148 352 2188 tantum
405 2144 598 2187 carmina
642 2143 954 2200 antistrophica
999 2148 1131 2200 atque
1184 2145 1370 2202 epodum
1407 2144 1759 2201 subsequentem,

180 2206 367 2249 alterum
398 2202 485 2262 (vv.
508 2203 766 2262 528-554)
798 2206 883 2248 duo
914 2206 1106 2248 carmina
1143 2206 1280 2260 epodo
1328 2206 1534 2257 carentia,
1581 2205 1761 2248 tertium

181 2262 267 2322 (vv.
302 2262 560 2322 885-905)
605 2278 741 2307 unum
786 2267 958 2307 tantum
1005 2278 1179 2308 carmen
1225 2264 1583 2321 antistrophicum
1629 2268 1761 2320 atque

182 2325 370 2381 epodum
394 2324 630 2368 adnexam.
1287 2352 1290 2355 κ

300 2384 413 2428 Nam
459 2388 715 2428 erraverunt
761 2384 878 2427 docti
924 2399 1021 2427 cum
1053 2386 1214 2441 epodos
1244 2386 1291 2428 in
1320 2400 1526 2428 numeros
1557 2385 1762 2428 antistro-

179 2444 327 2500 phicos
359 2445 651 2501 disponendas
683 2458 778 2487 esse
809 2447 1051 2488 censerent.
1113 2443 1176 2488 Ut
1206 2445 1341 2501 igitur
1370 2446 1559 2502 primum
1581 2458 1763 2500 agamus

181 2506 234 2548 de
268 2520 333 2549 vv.
364 2505 449 2549 427
485 2514 594 2560 sqq.;
626 2505 889 2561 interpretes
920 2504 1146 2562 stropham
1177 2508 1222 2549 et
1242 2505 1560 2562 antistropham
1579 2506 1697 2548 inter
1716 2519 1763 2549 se

180 2566 493 2623 respondentes
524 2565 757 2609 restituere
787 2579 875 2609 non
905 2568 1144 2622 potuerunt
1173 2565 1259 2609 nisi
1288 2568 1415 2610 textu
1445 2565 1677 2610 verborum
1709 2580 1763 2609 ex

180 2627 361 2670 arbitrio
394 2629 528 2682 atque
558 2626 736 2670 libidine
768 2629 951 2670 mutato.
1013 2625 1214 2682 Namque
1254 2641 1424 2670 summa
1453 2626 1635 2670 libidine
1666 2641 1763 2670 ver-

181 2701 308 2730 suum
355 2686 683 2742 dispositionem
726 2687 940 2743 insignem
987 2700 1084 2730 esse
1120 2702 1250 2731 nemo
1286 2687 1477 2743 negabit,
1510 2687 1587 2743 qui
1617 2701 1764 2730 secum

181 2747 519 2792 consideraverit
538 2747 808 2804 conjecturas
831 2746 1143 2801 G.Hermanni‚
1167 2746 1454 2792 O.Ribbeckii
1474 2745 1602 2806 (Mus.
1624 2746 1761 2792 Rhen.

179 2807 309 2867 XIV„
341 2822 384 2864 p.
418 2806 541 2866 424),
589 2808 899 2861 Heimsoethii‚
946 2807 1106 2861 Weilii',
1153 2808 1423 2852 Weckleinii.
1486 2808 1763 2854 Hermannus

182 2868 297 2911 enim
328 2868 422 2911 loco
452 2868 692 2924 particulae
724 2866 788 2927 δή,
822 2882 934 2924 quae
965 2868 1186 2925 aptissime
1218 2869 1379 2924 legitur
1398 2869 1446 2912 in
1464 2885 1503 2911 v.
1528 2869 1628 2921 427,
1662 2882 1763 2912 con-
