2003 3216
861 116 1157 163 -64-

215 264 366 295 versus
398 250 726 306 subsequentis;
758 264 871 307 quae
901 251 1200 308 transpositio
1214 250 1299 295 hac
1328 265 1378 294 re
1405 250 1654 295 defenditur
1685 252 1800 308 quod

214 309 362 357 libraii
392 325 460 369 qu
451 311 617 355 usdam
648 310 763 356 oculi
791 309 980 356 1331111113
1012 310 1218 356 aberrare
1249 315 1455 369 poterant
1482 325 1510 356 a
1535 311 1703 381 syllaba
1735 326 1806 358 τος·
1863 325 1875 334 ‘

209 367 424 415 ’Ἄτλαντος
442 372 623 426 genitivi
644 371 701 413 ad
732 385 907 414 versum
926 372 1171 440 proximum
1194 386 1247 414 ex
1268 371 1421 415 vocula
1441 371 1490 416 ὅς·
1506 372 1800 429 incipientem.

217 429 305 474 Sed
338 431 535 486 quamvis
580 430 761 487 probem
806 430 885 475 1133
931 431 1013 475 1111
1043 430 1278 475 doctissimi
1323 432 1604 489 conjecturas,
1652 435 1802 476 tamen

217 504 304 546 quo
334 490 504 534 facilius
525 491 797 547 corruptelae
820 492 940 546 origo
952 492 1087 547 possit
1106 492 1301 547 perspici,
1326 492 1420 535 loco
1439 493 1513 545 γᾶν
1527 492 1801 535 scribendum

216 549 379 593 suadeo
410 547 516 591 αἶαν.
577 550 657 594 His
687 551 822 606 igitur
852 551 1110 608 conjecturis
1141 552 1326 607 receptis
1363 551 1470 594 mihi
1516 551 1713 607 quidem,
1753 555 1804 594 ut

215 609 322 651 nihil
353 610 580 677 suinciam
610 624 753 666 neque
786 610 841 654 de
872 610 1014 653 forma
1043 610 1209 653 tradita
1240 609 1453 678 ἐσειδόμαν
1483 615 1616 668 atque
1648 611 1804 654 leviter

215 672 387 712 mutata
431 670 477 711 in
523 665 729 725 εἷσιδόμαν
774 684 917 726 neque
965 670 1018 714 de
1065 670 1281 726 particula
1326 667 1374 712 δέ
1409 670 1455 713 111
1493 686 1532 714 1.
1570 670 1658 714 435
1705 673 1803 726 post

212 724 342 774 Αϊδος
382 730 663 785 transposita,
713 730 877 810 epodus
913 731 1025 774 tales
1061 730 1107 773 in
1145 744 1347 774 numeros
1384 730 1558 774 videtur
1594 744 1685 773 esse
1718 731 1802 773 dis-

214 789 436 844 ponenda:

560 849 687 906 μόνον
719 849 771 907 δὴ
802 848 984 907 πρόσθεν
1015 849 1134 893 ἄλλον
1165 849 1208 892 ἐν
1240 849 1375 899 πόνοις

566 908 725 963 δαμέντ’
756 908 1094 966 ἀδαμαντοδέτοις

574 968 715 1011 Τιτᾶνα
745 967 887 1026 λύμαις
913 968 1118 1027 εἰσιδόμαν
1150 967 1250 1012 θεὸν
1275 965 1351 1011 Ατ-

564 1028 707 1078 λαντος
734 1029 936 1087 ὑπέροχον
967 1028 1115 1078 σθένος
1142 1029 1346 1086 κραταιόν,

566 1086 613 1137 ὃς
641 1087 735 1131 αἶαν
766 1088 955 1146 ουράνιον
986 1104 1029 1131 τε
1060 1089 1182 1131 πόλον

569 1148 708 1197 νώτοις
736 1148 1005 1203 ὑποστεγάζει.

560 1206 652 1265 βοᾷ
680 1206 728 1248 δὲ
759 1206 916 1256 πόντιος
942 1207 1097 1249 κλύδων

566 1249 787 1340 ξυμπίτνων
818 1267 945 1311 στένει
970 1266 1117 1323 βυθός,

564 1326 745 1376 κελαινὸς
766 1324 893 1376 Ἄιδος
920 1327 1013 1369 δί)
990 1326 1211 1386 ὑποβρέμει
1236 1326 1372 1403 μυχὸς
1398 1329 1482 1382 γᾶς,

565 1403 690 1443 παγαι
721 1387 757 1430 δβ
790 1387 1024 1445 ἁγνορύτων
1055 1390 1244 1445 ποταμῶν

567 1447 770 1489 στένουσιν
802 1447 924 1502 ἄλγος
950 1448 1118 1504 οἰκτρόν.

216 1505 516 1563 Westphalius
547 1507 624 1551 hos
646 1523 849 1552 numeros
882 1523 989 1564 quos
1011 1512 1055 1552 et
1074 1509 1165 1564 ipse
1186 1507 1333 1563 paullo
1364 1506 1545 1551 inferius
1568 1507 1802 1563 exscripsit,

215 1580 257 1621 p.
293 1567 381 1608 642
422 1568 719 1623 episynthetos
758 1568 869 1609 dixit
908 1572 1041 1623 atque
1074 1581 1101 1610 a
1138 1569 1300 1610 normis
1333 1567 1580 1624 Aeschyleis
1626 1568 1801 1609 alienos.

215 1625 432 1682 Equidem
463 1641 595 1684 supra
635 1627 934 1684 episynthetos
967 1628 1082 1684 apud
1113 1626 1373 1684 Aeschylum
1412 1641 1502 1683 esse
1534 1627 1691 1682 negavi
1721 1627 1805 1670 nisi

214 1687 261 1727 in
282 1686 561 1742 stropharum
584 1688 723 1729 exitu:
758 1688 833 1730 sed
854 1687 935 1729 1133
955 1688 1001 1729 111
1029 1687 1167 1744 epodo
1189 1687 1353 1730 habent
1372 1702 1573 1730 numeros
1596 1687 1804 1743 ejusmodi

216 1760 367 1790 versus
399 1745 524 1800 alter,
574 1748 741 1799 tertius,
776 1750 978 1803 quartus;
1026 1748 1182 1803 quibus
1216 1763 1269 1790 ex
1300 1747 1495 1791 versibus
1525 1748 1701 1800 tertius,
1735 1747 1805 1789 cui

215 1807 459 1850 arctissime
491 1808 740 1850 adnectitur
761 1807 1049 1863 subsequens,
1084 1809 1150 1850 uti
1180 1808 1356 1850 videtur
1385 1808 1577 1850 numeris
1610 1806 1803 1863 dactylo—

216 1867 420 1924 epitritis,
454 1867 509 1911 ab
541 1867 749 1924 Euripide
782 1867 960 1924 quidem
991 1868 1243 1925 saepissime
1284 1868 1435 1924 positis
1466 1867 1512 1910 in
1544 1868 1804 1911 carminibus

217 1942 422 1971 numeros
445 1928 747 1983 episynthetos
769 1929 1133 1983 amplectentibus
1166 1925 1383 1985 (Westph.
1405 1943 1448 1984 p.
1472 1926 1593 1984 692).
1646 1927 1802 1982 Itaque

214 2001 302 2031 non
323 1987 680 2045 reprehenderim
710 1988 852 2032 virum
874 1988 1050 2032 doctum
1072 1987 1200 2044 epodi
1221 1991 1361 2031 metra
1382 2001 1409 2031 a
1429 1987 1591 2031 normis
1611 1986 1803 2042 Aeschy-

214 2048 294 2090 leis
325 2048 561 2091 abhorrere
590 2048 872 2105 judicantem.

334 2107 460 2151 Nunc
506 2109 749 2151 accuratius
793 2111 858 2151 est
896 2108 1114 2164 agendum
1163 2109 1215 2151 de
1271 2106 1652 2165 dactyloepitritis:
1702 2121 1803 2150 nam

214 2169 299 2211 duo
348 2169 541 2211 carmina
587 2169 902 2225 antistrophica
949 2174 1033 2223 (vv.
1068 2169 1155 2213 528
1174 2196 1228 2201 ——-
1248 2169 1355 2219 5413
1406 2184 1473 2211 vv.
1516 2169 1601 2211 885
1621 2195 1675 2201 —
1696 2166 1803 2224 892)

212 2243 391 2284 prorsus
437 2228 529 2272 fere
579 2233 682 2272 sunt
729 2229 969 2285 composita
1016 2243 1070 2272 ex
1116 2229 1310 2271 versibus
1357 2228 1579 2285 ejusmodi.
1657 2227 1802 2283 Atque

212 2289 448 2331 rectissime
502 2290 671 2332 monuit
708 2288 1004 2346 Westphalius
1061 2287 1500 2345 (11391113113113111113
1538 2288 1802 2343 tragicorum

212 2348 581 2406 dactyloepitritis
612 2350 846 2392 instituens
884 2349 961 2392 hos
996 2363 1200 2392 numeros
1240 2349 1388 2405 lyricis
1419 2349 1556 2404 magis
1586 2348 1800 2404 placuisse

213 2423 345 2464 quam
376 2411 555 2465 tragicis
574 2413 758 2466 propter
788 2423 912 2451 suam
943 2409 1166 2466 propriam
1197 2408 1401 2451 indolem.
1464 2407 1639 2451 Etenim
1661 2408 1801 2464 quivis

212 2470 347 2514 sentit
378 2485 531 2515 versus
565 2471 640 2527 qui
672 2470 898 2515 elementis
930 2469 1155 2527 dactylicis
1176 2469 1339 2514 habent
1369 2469 1648 2526 praemissam
1675 2469 1800 2526 dipo-

213 2531 329 2573 diam
375 2532 639 2574 trochaicam
685 2532 808 2588 cujus
855 2532 1012 2573 ultima
1059 2530 1227 2587 syllaba
1272 2530 1383 2573 solet
1429 2544 1522 2572 esse
1576 2530 1799 2587 producta,

211 2595 393 2649 propter
431 2592 544 2636 hanc
582 2592 721 2648 ipsam
760 2591 935 2647 longam
966 2590 1176 2648 syllabam
1214 2591 1453 2634 sedatiores
1494 2590 1800 2646 gravioresque

213 2667 303 2694 esse
337 2666 468 2708 quam
500 2656 551 2695 ut
571 2653 616 2694 in
639 2653 863 2694 commotis
895 2652 1159 2706 tragicorum
1182 2651 1444 2693 carminibus
1476 2650 1618 2693 locum
1639 2650 1800 2693 habere

211 2712 449 2768 potuerint.
530 2712 615 2756 Sed
663 2727 749 2768 quo
796 2712 934 2767 magis
984 2711 1140 2755 chorus
1188 2711 1291 2766 quid
1338 2712 1383 2754 in
1429 2725 1559 2754 scena
1596 2715 1802 2766 ageretur

212 2787 365 2815 curare
399 2772 541 2824 desiit,
575 2786 626 2814 eo
658 2771 949 2814 sedatioribus
981 2771 1173 2813 numeris
1206 2771 1359 2825 tragici
1391 2771 1458 2812 usi
1477 2773 1605 2813 sunt:
1646 2771 1705 2813 sic
1736 2774 1802 2812 est

211 2832 375 2877 factum
406 2836 457 2875 ut
487 2832 739 2888 Euripides,
789 2831 907 2888 apud
940 2846 1070 2886 quem
1102 2830 1259 2874 chorus
1292 2832 1345 2874 de
1383 2831 1512 2874 rebus
1550 2830 1656 2886 ipsis
1688 2844 1800 2885 quae

212 2894 257 2936 in
288 2907 418 2936 scena
448 2893 561 2935 fiunt
592 2907 772 2949 prorsus
803 2892 896 2935 fere
930 2906 1107 2934 securus
1146 2891 1371 2934 universas
1410 2891 1583 2934 vivendi
1629 2904 1801 2933 normas
1867 2948 1869 2951 ι
