2003 3216
850 112 1144 155 —35—-‘

212 250 411 305 bliopolis
443 248 575 291 etia'm
604 244 1007 299 FreiburgensibuS,
1042 257 1226 298 quorum
1246 244 1293 285 in
1313 244 1420 286 urbe
1438 246 1507 286 est
1526 242 1786 297 publicatus,

212 311 376 354 frustra
404 307 582 363 petiisse
613 304 883 347 affirmanti.-

287 365 289 368 ’
332 368 432 412 Jam
469 364 787 421 disputabimus
825 362 879 406 de
916 377 964 406 re
999 362 1261 420 proposita..
1298 361 1543 406 Kolischius
1582 363 1625 406 in
1660 376 1789 418 opus-

216 429 310 474 culo
351 426 468 483 quod
512 424 843 468 commemoravi
881 435 1005 465 suam
1044 422 1099 465 de
1133 421 1307 465 fabulae
1343 423 1509 477 origine
1544 423 1792 478 opinionem

217 487 412 533 defendit
458 485 519 527 sic
566 487 616 526 ut
662 482 914 526 ostenderet
958 481 1240 525 Promethum
1285 483 1331 524 in
1378 482 1561 526 diversis
1591 481 1791 537 trilogiae

215 548 413 605 partibus
450 545 641 599 cogitare
679 543 852 586 diversa
889 542 943 585 de
988 542 1079 584 suis
1113 541 1321 598 Jovisque
1376 542 1566 586 sortibus
1617 542 1790 585 futuris.

216 608 414 661 Namque
458 605 647 659 primum
676 617 718 657 p.
752 603 809 645 69
854 601 1036 657 protulit
1069 602 1364 658 conjecturam
1401 602 1581 645 alterius
1617 601 1792 645 fabulae

216 667 407 730 initium·
440 663 732 718 conscriptum
784 675 879 705 esse
926 664 1028 705 ante
1078 660 1272 705 fabulam
1321 662 1524 718 priorem.
1601 662 1696 706 Hac
1745 662 1793 705 in

219 725 472 783 quaestione
494 723 667 766 silentio
690 736 785 764 sum
806 735 1034 777 pressurus
1055 720 1184 778 Freyi
1211 723 1457 777 opinionem
1485 723 1561 779 qui
1585 724 1632 765 in
1652 723 1794 778 prima

217 788 342 843 parte
380 782 577 840 opusculi
612 796 753 838 nuper
783 782 890 825 editi
930 781 1427 839 »Aeschylus-Studien.
1488 781 1665 838 Beilage
1696 797 1794 825 zum

220 846 597 900 Osterprogramm
633 842 710 885 des
734 841 1045 885 Schaffhauser
1081 842 1391 900 Gymnasiums
1427 843 1569 886 1875«
1615 846 1795 898 propter

219 903 449 948 nonnullas
494 902 651 958 prioris
697 901 870 945 fabulae
918 902 1157 945 sententias
1202 903 1248 945 111
1288 902 1428 945 altera
1464 903 1646 947 iteratas
1684 903 1794 945 duas

219 963 466 1019 tragoedias
512 963 642 1004 unius
689 961 969 1018 ejusdemque
1006 962 1204 1016 trilogiae
1252 976 1347 1005 esse
1393 963 1586 1017 negavit:
1635 962 1796 1005 etenim

220 1025 358 1066 altera
403 1022 552 1065 fabula
596 1022 788 1076 poscitur
823 1021 933 1064 adeo
978 1022 1135 1076 prioris
1181 1025 1437 1076 argumento
1483 1025 1616 1077 atque
1645 1021 1795 1064 defen-

221 1084 340 1127 ditur
369 1082 589 1126 veteribus
622 1081 960 1138 certissimisque
991 1080 1164 1125 scholiis
1196 1084 1247 1124 ut
1266 1082 1548 1137 repetitiones
1567 1081 1669 1125 illae
1690 1080 1797 1124 nihil

220 1144 364 1188 valere
396 1142 577 1197 possint.
641 1141 728 1185 Sed
758 1145 809 1184 ut
840 1141 894 1184 de
926 1141 1135 1185 Kolischii
1166 1143 1414 1198 conjectura
1429 1142 1633 1198 judicem,
1666 1157 1796 1197 prop-

220 1207 289 1247 ter
319 1219 359 1247 v.
392 1203 450 1245 29
480 1201 597 1245 illius
629 1200 876 1258 fragmenti,
911 1201 1093 1258 1111011111
1113 1201 1307 1257 linguam
1328 1201 1605 1245 vernaculam
1625 1216 1797 1246 versum

222 1264 412 1308 servavit
448 1262 573 1306 nobis
606 1262 755 1306 Cicero
788 1267 844 1317 (v.
863 1262 1028 1306 Weckl.
1062 1263 1165 1306 edit.
1198 1278 1269 1318 pp.
1306 1264 1403 1314 122,
1441 1264 1560 1318 123),
1595 1263 1799 1319 equidem

222 1324 327 1367 mihi
357 1337 444 1366 non
475 1337 653 1379 possum
672 1322 937 1379 persuadere
958 1323 1004 1365 in
1024 1322 1106 1366 hac
1125 1322 1325 1378 trilogiae
1346 1326 1471 1378 parte
1492 1323 1800 1366 Prometheum

223 1399 370 1428 carere
391 1384 591 1439 auguiro:
624 1384 768 1439 potuit
787 1383 858 1426 hic
888 1383 1086 1427 dolorum
1122 1383 1397 1428 vehementia
1426 1382 1634 1439 abreptus
1666 1388 1799 1439 atque

224 1445 353 1487 sortis
384 1443 558 1486 futurae
591 1456 721 1501 quam
741 1442 1016 1499 praesciebat
1035 1444 1261 1486 immemor
1279 1442 1422 1486 factus
1442 1447 1627 1486 mortem
1648 1448 1800 1499 optare

224 1505 350 1560 quasi
394 1503 592 1547 laborum
639 1504 815 1547 exitum.
877 1503 1046 1547 Deinde
1091 1503 1218 1546 1111111-
1245 1502 1528 1547 concluserim
1570 1518 1623 1547 ea
1661 1518 1715 1547 ex
1753 1518 1801 1546 re

226 1565 343 1619 quod
372 1564 537 1606 nullam
569 1567 875 1606 commemorat
904 1577 1090 1618 poenam
1120 1564 1206 1606 nisi
1237 1577 1331 1606 0000
1362 1563 1483 1607 Jovis
1500 1565 1627 1620 jussu
1648 1578 1675 1606 a
1694 1563 1802 1606 Vul-

226 1638 332 1668 cano
372 1624 486 1667 saxis
525 1637 621 1667 esse
659 1621 839 1667 affixuin
877 1627 922 1667 et
956 1624 1150 1681 jecinora
1192 1623 1323 1667 tertio
1363 1637 1536 1680 quoque
1576 1622 1645 1667 die
1685 1622 1802 1666 illius

226 1684 372 1739 aquila
406 1684 602 1727 lacerari.
664 1684 839 1727 Erravit
876 1684 990 1727 enim
1027 1685 1095 1727 vir
1131 1684 1285 1726 doctus
1323 1698 1421 1726 cum
1458 1687 1674 1727 statueret
1704 1698 1804 1727 eum

226 1758 350 1787 suam
380 1744 426 1787 in
457 1743 615 1787 Orcum
659 1743 946 1800 deJectionem
975 1744 1227 1800 praeterire,
1292 1742 1410 1799 quod
1462 1742 1602 1786 altera
1654 1742 1805 1787 fabula

226 1805 465 1860 composita
496 1807 612 1848 esset
642 1808 744 1847 ante
776 1804 978 1860 priorem.
1031 1804 1144 1847 Nam
1176 1806 1244 1847 est
1274 1803 1599 1847 concedendum
1628 1807 1804 1859 poetam

227 1879 305 1907 0110
337 1866 436 1922 jure
474 1864 628 1908 fecisse
667 1864 974 1907 Prometheum
1009 1864 1088 1908 hos
1125 1867 1298 1907 tantum
1336 1863 1507 1907 dolores
1553 1868 1806 1907 narrantem

228 1939 335 1980 quos
373 1926 457 1980 ipsi
486 1924 661 1967 Titanes
693 1924 827 1968 oculis
857 1928 1038 1980 possent
1068 1924 1330 1980 conspicere.
1383 1924 1540 1980 Itaque
1558 1924 1677 1967 mihi
1709 1925 1805 1980 qui-

227 1985 327 2028 dem
362 1985 439 2028 illa
476 1985 684 2029 Kolischii
730 1985 976 2042 conjectura
1011 1985 1139 2028 nimis
1177 1987 1347 2041 argute*
1370 1984 1544 2028 videtur
1590 1999 1686 2028 esse
1730 1999 1805 2028 ex-

226 2047 434 2099 cogitata:
470 2047 602 2088 etiam
632 2045 708 2088 illa
737 2059 920 2088 narrans
941 2046 1225 2088 Prometheus
1247 2046 1430 2099 augurio
1450 2045 1677 2100 praeditus
1710 2059 1805 2088 0000

226 2108 384 2161 potest.

346 2167 373 2209 J
375 2181 446 2209 am
484 2167 777 2221 examinemus
818 2166 945 2221 quale
976 2165 1109 2209 fuerit
1144 2167 1225 2209 hoc
1254 2166 1545 2221 praesagium.
1607 2165 1807 2221 Namque

227 2224 292 2268 illi
338 2226 569 2282 interpreti
614 2240 729 2269 nunc
775 2225 832 2268 ad
879 2239 1027 2269 omnes
1071 2239 1141 2269 res
1187 2225 1370 2277 futuras
1418 2239 1533 2268 nunc
1572 2225 1713 2268 solum
1751 2225 1809 2268 ad

227 2285 445 2330 Tbemidis
485 2286 602 2343 quod
640 2290 820 2331 vocatur
856 2290 1071 2330 secretum
1098 2290 1191 2330 tam
1217 2286 1471 2329 inconcinne
1492 2286 1713 2342 pertinere
1744 2287 1808 2330 vi-

206 2345 414 2401 debatur
458 2351 510 2390 ut
554 2346 640 2390 alia
682 2346 767 2390 alio
804 2350 999 2402 tempore
1040 2347 1203 2402 scripta
1241 2361 1335 2390 esse
1376 2347 1684 2404 suspicaretur.
1748 2346 1810 2390 Ut

228 2406 365 2462 igitur
402 2422 542 2464 pauca
576 2408 856 2463 praemittam
888 2407 942 2450 de
973 2407 1049 2451 illo
1081 2411 1261 2460 secreto,
1315 2411 1432 2450 recte
1463 2407 1656 2451 monent
1672 2408 1808 2451 inter-

228 2471 374 2522 pretes
405 2469 594 2523 primum
625 2468 743 2523 apud
762 2467 1025 2524 Aeschylum
1054 2468 1179 2510 illum
1205 2467 1424 2510 Themidis
1456 2482 1551 2511 esse
1582 2468 1721 2510 filium
1753 2467 1808 2510 ab

230 2542 368 2584 eaque
406 2529 666 2584 comperisse
702 2527 929 2572 Thetidem
960 2542 988 2571 a
1018 2542 1186 2572 summo
1234 2527 1329 2580 deo,
1371 2528 1409 2570 si
1438 2527 1604 2572 faceret
1634 2529 1808 2581 coitum,

230 2592 536 2643 concepturam
578 2602 674 2631 0000
720 2588 859 2630 filium
904 2592 1030 2642 patre
1076 2589 1299 2644 majorem.
1362 2587 1516 2643 Neque
1562 2588 1693 2631 modo
1729 2588 1811 2630 1100

230 2651 445 2692 secretum
490 2648 645 2692 tribuit
693 2650 825 2704 poeta
868 2646 1128 2692 Prometheo
1174 2646 1253 2691 sed
1300 2647 1392 2705 ejus
1429 2647 1639 2704 temporis
1674 2646 1812 2691 futuri

230 2709 542 2762 praecientiam
580 2708 704 2751 auxit
741 2709 802 2751 sic
837 2711 888 2751 ut
919 2722 1016 2752 eam
1047 2708 1220 2764 quidvis
1251 2708 1602 2763 praesagientem
1632 2708 1810 2751 faceret.

232 2767 302 2811 Sic
339 2772 389 2811 111
419 2769 620 2812 omittam
657 2782 757 2812 eum
788 2771 833 2812 et
862 2768 1114 2825 praedicere
1147 2768 1313 2812 Aetnae
1346 2768 1505 2811 montis
1539 2769 1812 2824 eruptionem

230 2828 275 2869 111
306 2844 374 2871 vv.
408 2830 492 2872 371
528 2843 623 2885 sqq.
672 2832 718 2871 01
763 2828 884 2871 Jovis
929 2843 1065 2884 vagae
1113 2833 1158 2872 et
1203 2828 1403 2871 Herculis
1444 2832 1494 2870 ut
1531 2829 1810 2884 cognovimus

232 2902 286 2931 ex
307 2887 487 2931 alterius
507 2888 761 2944 tragoediae
780 2887 1037 2945 fragmentis
1059 2886 1147 2947 (ap.
1167 2889 1315 2933 Herm.
1332 2888 1414 2944 frg.
1432 2888 1534 2941 206,
1558 2889 1810 2941 208-210,

1480 2971 1526 3007 3*
