2003 3216
870 90 1137 132 -8-

205 220 397 263 hostium
421 220 632 277 oppidum
655 235 751 264 esse
771 221 1035 272 deleturum,
1057 222 1133 264 sed
1156 224 1251 264 erat
1270 222 1315 263 in
1337 223 1460 264 scuto
1480 220 1609 264 homo
1625 221 1795 277 jactans

211 279 492 337 »γραμμάτων
525 279 569 322 ἐν
602 279 846 334 ξυλλαβαῖς-ι
882 295 937 324 ne
970 295 997 324 a
1026 281 1170 325 Marte
1202 282 1377 337 quidem
1409 281 1488 324 sed
1519 282 1573 325 de
1603 281 1796 324 hostium

206 341 436 384 moenibus
467 355 595 398 posse
628 340 770 398 dejici.
833 341 899 384 De
931 341 1013 384 hoc
1042 345 1190 386 autem
1222 342 1334 385 scuti
1366 341 1489 397 signo
1521 344 1566 385 et
1597 342 1650 385 de
1672 342 1796 397 equis

207 402 316 443 satis
349 415 568 458 superque
600 415 867 470 responsum·
891 416 986 444 esse
1008 418 1076 445 vv.
1099 402 1251 445 455-
1264 402 1349 445 462
1373 402 1578 445 concedet
1599 402 1797 457 quisquis

202 462 400 518 judicare
446 461 609 518 poterit
657 461 750 504 sine
797 461 930 506 animi
969 463 1336 534 praesumptione.
1400 461 1536 505 Porro
1567 461 1797 505 Richterus

205 538 248 579 p.
288 522 342 565 16
374 525 491 565 recte
523 524 672 564 monet
707 518 921 577 »πέμποιμ’
953 519 1012 562 ἂν
1035 521 1101 563 καὶ
1133 520 1185 580 δὴ
1218 520 1467 578 πέπεμπται(
1507 523 1570 565 ita
1600 522 1717 566 inter
1748 537 1797 566 se

209 583 369 639 opponi
410 585 461 625 ut
505 595 730 637 nunquam
775 581 971 638 profecto
1009 581 1224 625 infelicius
1272 583 1479 626 orationis
1511 582 1705 626 defectus
1738 583 1796 626 sit

207 643 390 698 positus,
454 642 611 697 Itaque
643 641 872 684 Ritschelii
904 642 1153 698 conjectura
1179 639 1342 698 »τιῦὸειι
1366 647 1544 699 recepta
1564 644 1697 686 verba
1717 643 1796 686 tali

206 702 336 745 modo
367 702 719 759 interpungenda
751 715 845 745 esse
878 702 1109 745 contendo:

498 760 679 818 πέμποιμ’
712 761 762 803 ἂν
793 760 874 820 ἤδη
905 762 1028 818 τῷδε,
1061 761 1134 804 σὺν
1165 761 1266 820 τύχῃ
1298 762 1346 804 δέ
1377 778 1435 819 τῳ

496 837 562 864 και
593 820 646 881 δὴ
677 820 898 879 πέπεμπται
928 821 1078 880 κόμπον
1110 821 1153 865 ἐν
1177 823 1323 882 χεροῖν
1355 820 1463 883 ἔχων

502 881 727 949 Μεγαρεύς.

207 942 383 985 Etenim
414 942 476 984 sic
507 942 653 984 omnia
684 941 796 985 bene
827 942 1065 999 procedere
1096 942 1314 986 videntur.
1367 942 1562 986 Primum
1593 943 1638 986 in
1670 957 1797 987 voca-

205 1003 321 1046 bulis
364 1000 580 1059 »πέμποιμ’
611 1000 662 1043 ἂν
693 1000 797 1060 ἧδηκ
842 1006 886 1045 et
923 1002 1140 1059 particula
1171 1000 1249 1061 ἤδη
1282 1007 1327 1047 et
1365 1004 1587 1061 optativus
1619 1019 1716 1046 cum
1748 1001 1798 1044 ἄν

205 1063 421 1119 particula
459 1063 549 1105 suis
588 1062 693 1105 locis
732 1066 850 1105 stare
887 1062 1106 1106 videntur.
1175 1063 1249 1105 Ait
1287 1064 1402 1106 enim
1440 1078 1518 1106 rex
1557 1078 1653 1107 sese
1685 1077 1800 1106 nunc

206 1139 304 1167 cum
336 1126 468 1167 antea
498 1122 717 1167 audiverit
748 1123 891 1166 nuntii
912 1123 1221 1177 narrationem,
1256 1124 1293 1167 si
1320 1139 1451 1181 quem
1470 1124 1602 1168 liceat
1624 1123 1797 1180 eligere,

206 1185 374 1227 nullum
406 1184 541 1226 alium
572 1198 668 1227 esse
701 1185 1003 1241 oppositurum
1034 1185 1119 1227 nisi
1149 1184 1417 1240 Megareum.
1470 1185 1623 1241 Neque
1655 1185 1799 1227 minus

206 1246 251 1288 in
289 1243 435 1288 verbis
474 1244 856 1300 subsequentibus,
905 1259 1019 1301 quae
1059 1245 1120 1288 sic
1156 1249 1280 1288 verto
1323 1245 1428 1289 »sed
1466 1260 1569 1289 casu
1609 1245 1800 1302 quodam

207 1304 399 1348 secundo
440 1305 574 1347 etiam
610 1318 764 1347 revera
802 1305 847 1346 in
886 1318 986 1347 eum
1024 1306 1183 1347 missus
1229 1309 1297 1347 est
1334 1305 1608 1360 Megareus«,
1657 1305 1802 1347 omnia

206 1365 318 1408 bene
352 1378 398 1407 se
429 1364 613 1407 habent:
654 1377 756 1406 nam
795 1363 1008 1408 vocabula
1045 1363 1118 1405 σὺν
1152 1362 1253 1422 τύχῃ
1288 1379 1346 1421 τῳ
1383 1379 1480 1407 cum
1511 1364 1799 1422 sequentibus

209 1425 441 1494 conjuncta
473 1424 660 1467 eundem
691 1423 783 1467 fere
815 1439 991 1467 sensum
1023 1424 1187 1468 habent
1218 1429 1351 1481 atque
1385 1426 1659 1468 enuntiatum
1689 1424 1801 1467 illud

206 1486 251 1528 in
290 1485 407 1540 regis
444 1485 641 1527 oratione
681 1488 840 1541 quarta
882 1485 1073 1541 positum
1110 1481 1174 1525 >›‘l'
1158 1487 1280 1543 ομῆς
1315 1483 1500 1538 εὐλόγως
1535 1484 1800 1542 ωνῆγαγεν<<.

207 1546 342 1588 Porro
375 1559 429 1588 ex
460 1544 536 1587 illa
566 1545 929 1601 interpretatione
957 1544 1069 1588 bene
1091 1544 1398 1601 intelliguntur
1426 1548 1471 1588 et
1498 1542 1546 1586 δέ
1571 1544 1799 1602 particula,

207 1620 321 1663 quae
360 1620 386 1649 a
416 1605 638 1649 vocabulis
672 1604 1043 1662 subsequentibus
1081 1605 1298 1662 dirempta
1336 1605 1521 1649 suadere
1554 1605 1706 1649 debuit
1735 1605 1800 1648 la-

207 1680 365 1709 cunam
414 1680 510 1708 esse
559 1665 852 1717 statuendam,
903 1669 947 1708 et
993 1679 1060 1706 και
1098 1669 1199 1709 ante
1232 1664 1283 1723 δὴ
1313 1666 1523 1722 positum:
1571 1666 1638 1708 his
1686 1666 1801 1709 enim

206 1726 432 1783 particulis
465 1726 707 1782 conjunctis
740 1729 784 1768 et
814 1723 1012 1781 πέπεμται
1047 1725 1240 1782 perfecte
1263 1727 1475 1782 appositis
1508 1726 1626 1782 quod
1647 1740 1802 1781 revera

207 1790 275 1830 est
305 1786 472 1829 factum
504 1799 674 1828 summa
707 1786 922 1842 gravitate
960 1799 1162 1842 pressum
1200 1787 1457 1843 opponitur
1473 1786 1538 1828 illi
1576 1786 1641 1829 rei
1688 1800 1801 1843 quae

207 1852 310 1891 ante
343 1847 697 1890 conditionaliter
707 1820 824 1890 cerat
857 1846 985 1889 dicta.
1041 1846 1245 1889 Ceterum
1277 1862 1364 1889 non
1382 1861 1514 1907 spero
1536 1861 1802 1904 quemquam

207 1908 264 1950 ad
295 1908 487 1965 priorem
520 1908 764 1950 sententiae
803 1910 975 1964 partem
1007 1906 1360 1950 desideraturum
1393 1922 1488 1950 esse
1521 1907 1800 1963 significatio-

207 1984 309 2012 nem
340 1968 536 2024 Megarei
568 1967 776 2011 nominis:
811 1982 913 2010 nam
944 1971 995 2010 ut
1027 1972 1094 2011 est
1124 1982 1225 2011 mea
1257 1968 1573 2012 sententiarum
1598 1967 1801 2011 formatio

207 2033 355 2085 potest
385 2028 589 2071 facillime
624 2043 677 2070 ex
709 2029 849 2070 altera
880 2029 1099 2070 sententia
1126 2029 1182 2070 ad
1203 2030 1392 2084 priorem
1414 2043 1572 2071 nomen
1594 2028 1800 2085 suppleri.

208 2089 307 2132 Jam
354 2088 513 2132 videtis
562 2089 700 2145 quam'
741 2087 854 2131 bene
901 2088 1047 2130 omnia
1091 2088 1311 2145 quadrent
1348 2088 1405 2131 ad
1444 2102 1540 2131 eam
1577 2087 1802 2132 fictionem

208 2164 342 2206 quam
380 2150 502 2206 prius
543 2150 735 2206 exposui.
814 2149 866 2191 In
909 2148 1051 2205 prima
1097 2164 1227 2205 porro
1275 2150 1482 2202 oratione,
1532 2163 1621 2205 qua
1666 2148 1801 2205 Tydei

209 2210 486 2254 adversarius
519 2209 795 2258 describitur,
829 2223 907 2252 rex
940 2222 994 2252 ex
1021 2208 1122 2252 libri
1150 2210 1360 2253 memoria
1385 2209 1452 2253 his
1472 2209 1617 2254 verbis
1639 2210 1797 2252 utitur:

500 2269 582 2327 ἐγὼ
614 2269 661 2314 δὲ
703 2269 824 2313 Τυδεῖ
849 2267 991 2312 κεδνὸν
1023 2266 1206 2313 Ἀστακοῦ
1237 2269 1351 2314 τόκον

499 2330 607 2373 τόνδ’
639 2330 833 2377 ἀντιτάξω
865 2330 1092 2389 προστάτην
1124 2331 1385 2388 πυλωμάτων.

210 2390 546 2435 Concedendum
584 2395 652 2435 est
681 2391 885 2434 Richtero
917 2390 955 2433 si
985 2392 1228 2434 retineatur
1261 2389 1376 2433 τόνδε
1406 2391 1694 2444 accusativus,
1730 2405 1800 2434 co-

210 2452 439 2508 gitandum
478 2467 573 2495 esse
612 2452 910 2509 Melanippum
946 2452 992 2493 in
1031 2467 1160 2496 scena
1196 2452 1364 2496 adesse.
1429 2452 1529 2505 Sed,
1577 2453 1622 2494 ni
1658 2451 1798 2504 fallor,

210 2516 490 2570 exspectatur
535 2512 745 2559 articulus
792 2515 870 2555 aut
913 2526 1153 2567 pronomen
1197 2528 1283 2569 quo
1323 2513 1566 2556 accuratius
1604 2513 1802 2567 signetur

211 2572 447 2628 πυλώματα.
511 2572 688 2616 Etenim
724 2573 771 2615 in
809 2572 1016 2616 extremis
1055 2574 1197 2616 nuntii
1240 2574 1385 2616 verbis
1428 2576 1556 2630 porta
1592 2572 1669 2615 illa
1706 2576 1802 2616 erat

209 2633 454 2689 significata
490 2634 664 2677 nomine
703 2648 789 2691 quo
828 2632 1041 2689 appellari
1080 2633 1250 2677 solebat
1287 2634 1505 2691 apposito:
1553 2632 1621 2676 his
1658 2633 1802 2676 nuntii

208 2693 368 2747 verbis,
402 2708 516 2751 quae
549 2695 611 2738 sic
642 2697 818 2737 sonaut.

499 2753 570 2797 τιν’
600 2753 817 2804 ἀντιτάξεις
844 2754 972 2814 τῷὸε;
1004 2753 1060 2804 τίς
1089 2752 1265 2813 Προίτου
1298 2754 1432 2798 πυλῶν

498 2813 691 2876 κλῄθρων
722 2814 927 2860 λυθέντων
959 2817 1196 2874 προστατεῖν
1227 2815 1472 2874 φερέῃυος;
1535 2869 1537 2872 .

208 2877 325 2932 regis
364 2891 623 2934 responsum
663 2877 723 2921 sic
759 2877 935 2921 videtur
973 2891 1067 2921 esse
1106 2878 1353 2934 oppositum
1400 2880 1450 2920 ut
1495 2891 1592 2920 meo
1624 2876 1801 2934 quidem
