2003 3216
474 74 521 200 Χ

185 233 348 278 fuerint
379 231 441 275 dii
471 232 602 275 armis
639 231 852 289 superbis.
930 231 1086 289 Neque
1112 232 1243 277 modo
1281 231 1463 279 eaedem
1509 232 1767 287 sententiae,

186 293 265 337 sed
296 292 428 336 etiam
459 291 613 335 eadem
642 290 734 335 fere
764 293 899 336 verba
927 292 995 335 bis
1025 292 1251 349 leguntur:
1285 293 1348 336 sic
1377 296 1481 336 sunt
1510 294 1557 336 in
1578 294 1767 337 carmine

185 353 320 412 priori
344 351 559 410 »νεοχμοῖς
576 349 710 408 νόμοις
727 350 958 410 κρατύνεκ,
986 353 1033 397 in
1053 352 1192 397 altero
1217 349 1357 399 »ἰδίοις
1374 350 1511 409 νόμοις
1528 350 1763 411 κρατύνων,

186 427 328 468 neque
375 412 526 455 dubito
574 412 680 467 quin
730 410 871 458 »θεοῖς
920 414 1003 459 τοῖς
1051 413 1184 470 πάρος
1229 411 1468 457 ἐνδείκνυστν
1506 412 1770 471 ὑπερήφανον

186 471 361 532 αἰχμήν(
387 472 476 516 sint
504 471 692 516 formata
722 472 781 515 ad
810 473 967 530 prioris
1005 474 1207 517 carminis
1237 472 1450 518 vocabula
1486 471 1563 514 »τὰ
1596 472 1689 530 πρὶν
1721 470 1771 513 δὲ

188 531 370 590 πελώρια
387 531 457 574 νῦν
472 529 642 574 alumi«.
664 531 784 585 Quae
800 547 899 578 cum
918 534 983 577 ita
998 534 1098 587 sint,
1120 532 1249 578 facile
1268 533 1531 590 intelligitur
1549 532 1767 590 quomodo

187 595 245 636 sit
273 592 438 636 factum
468 595 519 636 ut
547 593 615 636 bis
650 597 918 651 ponerentur
962 593 1105 640 eidem
1149 594 1338 638 numeri:
1387 608 1477 637 una
1523 608 1623 637 cum
1668 607 1768 637 sen-

186 653 337 697 tentiis
368 656 521 696 auctor
551 654 752 697 carminis
791 654 970 705 alterius
1009 656 1143 699 etiam-
1171 668 1376 698 numeros
1406 668 1533 698 suum
1562 655 1609 697 in
1640 667 1770 697 usum

188 713 457 771 deprompsit
487 727 542 757 ex
572 714 760 758 carmine
791 715 938 772 priori.
1078 769 1080 771 v

306 772 616 830 Antistrophae
661 789 791 831 porro
837 778 1143 831 argumentum
1187 775 1441 819 universum
1478 789 1566 818 non
1598 778 1666 817 est
1695 788 1766 817 re-

187 832 565 890 prehendendum3
595 848 793 890 namque*
815 849 940 878 suam
959 835 1200 878 orationem
1219 835 1409 890 virgines
1437 835 1676 877 instituunt
1705 834 1768 876 sic

187 897 238 936 ut
269 893 416 936 dicant
452 908 540 937 non
570 894 699 938 modo
731 909 778 939 se
814 895 933 952 ipsas
965 894 1044 939 sed
1079 897 1222 938 totum
1258 895 1408 938 orbem
1452 894 1604 950 lugere
1650 893 1769 937 mala

187 953 446 996 Prometheo
503 953 640 996 illata.
730 953 933 998 Ceterum
992 955 1198 1010 quoniam
1247 954 1383 997 'docet
1440 954 1620 1010 stropha
1669 957 1769 1010 post

188 1011 474 1072 ἀρχαιοπρεπῆ
518 1014 791 1059 intercidisse
838 1017 1027 1071 quatuor
1072 1013 1281 1072 syllabas,
1331 1017 1376 1057 et
1405 1013 1553 1071 paullo
1584 1011 1767 1058 inferius

187 1075 513 1128 subsequuntur
569 1072 711 1115 ὁπόσοι
752 1072 947 1117 τ’ἔποικον
976 1072 1104 1120 Ἀσίας
1151 1072 1247 1120 ἕδος·
1276 1072 1480 1130 νέμονται,
1539 1089 1618 1118 suo
1665 1075 1765 1131 jure

185 1133 477 1178 Weckleinius
526 1134 816 1192 supplendum
867 1149 963 1179 esse
997 1135 1154 1179 ,suasit
1205 1129 1444 1192 θ’ἑσπέριοι,
1506 1138 1558 1178 ut
1607 1135 1767 1179 orienti

187 1198 481 1251 opponeretur
510 1196 719 1239 occidens.

305 1254 357 1298 In
378 1255 743 1312 subsequentibus
774 1253 930 1306 autem
946 1255 1143 1312 singulae
1172 1255 1351 1299 orientis
1372 1258 1525 1311 gentes
1546 1254 1765 1301 dicuntur.
1818 1278 1821 1280 ·

153 1366 164 1373 a
185 1314 280 1366 Qua
309 1316 355 1357 in
387 1316 581 1370 gentium
613 1317 936 1359 enumeratione
969 1316 1056 1359 duo
1085 1315 1165 1358 illa
1195 1316 1425 1359 enuntiata
1444 1315 1631 1359 relativa
1651 1329 1766 1371 quae

185 1373 474 1431 subjiciuntur
511 1379 556 1418 et
587 1375 642 1419 de
675 1375 910 1433 Sytharum
946 1377 1099 1419 acer‘vo
1139 1379 1184 1418 et
1215 1375 1270 1418 de
1301 1374 1532 1418 Persarum
1569 1375 1676 1427 flore
1708 1402 1764 1410 -

185 1448 373 1491 namque
405 1450 458 1479 ex
489 1437 686 1480 omnibus
717 1436 975 1493 conjecturis
1006 1434 1110 1479 loco'
1144 1435 1337 1493 corrupti
1367 1434 1551 1478 nominis
1578 1431 1770 1493 Ἀραβίας

186 1496 440 1550 excogitatis
477 1496 650 1540 videtur
695 1497 859 1553 optima
889 1496 1125 1551 Hartungii
1155 1493 1302 1553 Ἀρίας,
1348 1495 1466 1551 quod
1511 1496 1768 1542 vocabulum

185 1555 447 1612 respondeat
497 1554 692 1614 Κολχίδος
745 1554 804 1614 (v.
851 1556 1017 1600 Weckl.
1080 1556 1196 1599 stud.
1258 1555 1410 1599 Aesch.
1471 1571 1513 1612 p.
1571 1552 1646 1618 12)
1709 1583 1763 1588 -

184 1616 289 1658 mihi
335 1617 510 1671 quidem
554 1617 682 1660 valde
729 1617 962 1674 displicent
1006 1617 1092 1660 nisi
1145 1619 1400 1660 statuuntur
1452 1630 1548 1659 esse
1594 1615 1769 1673 adjecta
1855 1613 1859 1616 ’

185 1690 212 1718 a
242 1680 373 1733 poeta
403 1681 453 1720 ut
484 1677 748 1732 significaret
779 1678 912 1721 etiam
941 1681 1158 1721 terrarum
1187 1677 1573 1721 remotissimarum
1602 1676 1766 1719 incolas

184 1737 334 1792 lugere
356 1736 681 1789 Prometheum3
714 1737 831 1793 quod
863 1738 901 1780 si
930 1751 1018 1781 non
1049 1740 1292 1781 statuemus
1322 1736 1465 1780 facere
1496 1751 1583 1781 non
1611 1750 1766 1793 possu-

184 1811 281 1839 mus
320 1798 426 1852 quin
456 1798 753 1854 vituperemus
790 1801 969 1855 poetam
999 1798 1128 1841 nimis
1158 1811 1253 1841 sese
1280 1798 1521 1855 jactantem
1549 1797 1597 1840 in
1627 1796 1765 1840 adno-

184 1858 420 1901 tationibus
467 1858 779 1915 geographicis.
855 1858 1000 1914 Atque
1030 1859 1142 1902 bene
1174 1857 1423 1902 defenditur
1459 1856 1571 1902 illud
1609 1861 1766 1914 poetae

185 1917 410 1966 consilium
440 1918 493 1960 iis
526 1932 637 1974 quae
669 1918 950 1976 adjiciuntur*
965 1918 1020 1962 de
1040 1918 1274 1970 Persarum
1296 1917 1539 1963 domiciliis:
1572 1930 1762 1973 namque

183 1983 284 2034 post
329 1979 482 2034 longos
529 1978 708 2022 tandem
754 1993 923 2022 errores
960 1978 1015 2023 Jo
1051 1993 1191 2034 usque
1236 1979 1382 2036 ipsum
1426 1977 1484 2021 ad
1525 1976 1767 2021 Caucasum

183 2042 377 2082 montem
406 2042 672 2096 perventura
703 2053 799 2082 esse
831 2039 990 2082 dicitur
1019 2039 1065 2082 in
1095 2055 1136 2083 v.
1171 2040 1272 2083 717.
1344 2038 1433 2082 Sed
1463 2038 1585 2094 prius
1627 2052 1765 2080 enun-

184 2098 342 2141 tiatum
378 2098 609 2142 relativum
640 2113 727 2141 non
757 2103 874 2142 recte
908 2113 1003 2142 sese
1040 2099 1201 2142 habere
1233 2098 1407 2158 videtur
1443 2101 1624 2154 propter
1653 2097 1766 2140 illud

184 2155 415 2201 artificium
444 2158 681 2215 poeticum:
723 2172 825 2202 nam
855 2160 1042 2216 primum
1071 2158 1154 2201 hoc
1182 2159 1230 2202 in
1261 2156 1458 2201 connexu
1494 2158 1643 2214 inepte
1675 2172 1766 2200 me-

184 2223 411 2262 morantur
442 2219 641 2276 Scythae.
713 2219 887 2263 Etenim
917 2220 963 2262 in
993 2220 1170 2275 regione
1202 2217 1393 2274 quadam
1424 2217 1600 2261 deserta
1628 2217 1766 2275 ipsius

184 2277 385 2336 Scythiae
416 2278 699 2322 Prometheus
729 2280 829 2337 rupi
861 2283 929 2323 est
959 2279 1116 2323 affixus
1147 2282 1205 2333 (v.
1237 2277 1284 2335 2)
1317 2282 1363 2322 et
1392 2278 1473 2321 hac
1505 2293 1559 2321 ex
1589 2279 1766 2333 regione

182 2339 273 2394 ipse
320 2343 563 2395 auguratur
597 2340 644 2382 in
679 2356 747 2383 vv.
780 2341 867 2384 703
899 2353 993 2395 sqq.
1039 2357 1043 2359 ·
1071 2339 1099 2383 J
1101 2354 1228 2383 onem
1264 2338 1322 2381 ad
1360 2338 1573 2382 orientem
1619 2352 1767 2381 versus

182 2399 370 2454 primum
401 2402 629 2442 venturam
661 2413 756 2443 esse
790 2399 848 2443 ad
878 2399 1137 2456 Scytharum
1168 2398 1397 2442 domicilia.
1449 2397 1618 2441 Deinde
1651 2399 1767 2453 quod

183 2458 264 2501 hoc
312 2460 358 2501 in
398 2459 598 2510 'carmine
652 2458 837 2516 Scythae
888 2459 1041 2503 sedere
1093 2459 1302 2512 dicuntur
1348 2459 1510 2502 circum
1560 2458 1768 2514 paludem

182 2517 447 2562 Maeotidem
491 2518 635 2563 fronte
666 2520 852 2563 adversa
887 2519 942 2562 iis
981 2522 1199 2576 repugnat
1239 2532 1370 2574 quae,
1418 2521 1469 2561 ut
1499 2521 1683 2574 apparet
1713 2532 1767 2561 ex

183 2578 213 2620 J
215 2580 310 2621 onis
342 2580 572 2632 erroribus,
605 2578 845 2636 Aeschylus
877 2583 922 2623 et
953 2579 1008 2622 de
1040 2593 1191 2622 eorum
1222 2579 1452 2622 domiciliis
1482 2578 1691 2633 cogitavit
1723 2581 1768 2620 et

183 2638 325 2690 verbis
356 2639 521 2695 apertis
553 2638 689 2682 edixit
720 2640 773 2682 de
800 2639 974 2695 paludis
1006 2639 1106 2682 situ.
1168 2638 1302 2682 Jubet
1334 2638 1450 2681 enim
1479 2637 1767 2680 Prometheus

182 2699 396 2754 virginem
427 2702 660 2756 postquam
692 2713 745 2743 ex
775 2698 882 2743 locis
907 2697 1093 2753 ¹desertis
1123 2698 1181 2742 ad
1201 2698 1413 2743 orientem
1432 2711 1581 2742 versus
1600 2697 1768 2741 venerit

183 2759 241 2802 ad
273 2759 454 2817 Scythas
485 2758 723 2813 Nomadas,
771 2759 852 2803 hos
882 2760 1095 2804 vitantem
1124 2759 1330 2816 progredi
1375 2762 1553 2815 praeter
1590 2772 1768 2815 asperas

185 2821 317 2864 maris
345 2830 444 2864 oras
475 2834 614 2876 usque
646 2820 751 2863 dum
773 2819 990 2878 Chalybas
1021 2820 1229 2876 attingat:
1263 2819 1342 2862 hos
1364 2822 1511 2862 autem
1531 2817 1767 2862 habentem

183 2880 241 2923 ad
262 2881 483 2924 sinistram
504 2881 757 2937 praeterire,
780 2880 938 2924 deinde
960 2894 1057 2924 eam
1077 2884 1387 2937 perventuram
1410 2893 1503 2922 esse
1525 2882 1769 2934 auguratur
