2003 3216
862 138 1037 183 -15
1101 149 1163 172 -'

143 257 155 259 ‚
220 277 288 326 vir
332 274 485 320 doctus
536 272 664 317 nimis
712 275 877 316 temere
919 270 1146 329 judicavit.
1227 269 1381 327 Neque
1428 269 1544 313 enim
1589 270 1717 314 modo
1753 269 1800 313 in

221 335 389 384 duobus
419 334 507 378 illis
537 332 762 377 versiculis
789 331 872 376 hoc
900 334 1057 389 poetae
1088 330 1317 375 consilium
1345 330 1579 383 invenitur,
1612 330 1691 374 sed
1720 344 1801 387 per

221 398 361 440 totam
408 394 461 439 de
509 392 658 447 Tydeo
703 391 1001 435 narrationem
1047 394 1165 435 tam
1182 393 1445 449 perpetuum
1500 394 1701 434 servatur
1750 393 1802 433 ut

221 455 419 501 versibus
448 452 538 498 illis
574 452 880 510 interpolatori
916 452 1116 510 ascriptis
1154 444 1250 516 tota
1285 450 1480 495 narratio
1517 451 1669 495 eodem
1701 451 1800 508 jure

221 517 277 560 ab
308 510 523 571 Aeschylo
554 513 614 556 sit
645 512 946 569 abjudicanda.
1022 507 1221 568 Namque
1251 511 1334 555 hac
1369 512 1646 568 potissimum
1674 512 1721 554 in
1751 525 1800 554 re

221 574 447 633 praeconis
501 573 554 617 de
596 572 691 617 viro
735 571 897 628 Argivo
949 572 1144 616 narratio
1190 574 1256 616 est
1299 571 1446 629 posita
1489 574 1541 615 ut
1586 585 1705 624 eum,
1753 571 1800 614 in

221 634 436 703 proelium
470 632 646 701 prodire
677 632 880 686 vetitum,
927 635 1109 690 propter
1138 646 1351 685 summam
1380 631 1604 689 pugnandi
1634 632 1800 688 cupidi-

221 708 323 739 nem
352 693 426 739 vix
455 692 636 737 retineri
665 706 790 758 posse
836 666 1012 737 (1166161.
1089 682 1200 749 Quid
1231 692 1348 748 quod
1384 692 1478 736 sine
1508 690 1590 736 hac
1624 691 1799 735 fictione

221 752 720 870 Essessimqffimiffi?
745 753 1090 858 ξὲῗᾞεὲῗῑῖθ
1101 751 1799 862 ,ζὲεωέιῗῖῑέιῗῃῖἔξὲῗῂῗὲξῐ

224 874 366 918 affixis
427 873 634 917 dicuntur
693 874 913 917 vocabulis
968 873 1146 915 »τοιαῦτ’
1192 871 1355 915 αὐτῶν(
1410 873 1652 916 arctissime
1697 877 1799 916 sunt

224 947 397 978 annexa
425 934 669 977 narrationi
697 933 987 987 antecedenti,
1020 946 1132 990 quae
1154 936 1222 977 est
1241 934 1296 977 de
1316 932 1578 990 Amphiarao
1599 932 1800 988 Tydeum

224 1008 252 1038 a
280 993 518 1051 pugnando
547 993 828 1051 prohibente;
860 1007 972 1050 quae
1005 993 1161 1038 deinde
1191 994 1238 1036 in
1256 1009 1323 1037 vv.
1347 994 1583 1038 370—372
1612 993 1666 1037 de
1687 994 1799 1037 scuti

225 1054 348 1111 signo
395 1056 639 1109 sequuntur
685 1067 949 1109 quamquam
983 1067 1063 1110 per
1097 1067 1144 1097 86
1173 1055 1360 1121 possunt
1394 1052 1583 1108 intelligi
1626 1052 1798 1097 fictione

226 1114 304 1158 illa
324 1114 510 1167 sublata,
531 1117 681 1158 tamen
701 1114 1080 1170 subsequentibuS,
1113 1128 1225 1170 quae
1252 1116 1298 1157 et
1324 1113 1419 1170 ipsa
1437 1112 1605 1169 absque
1625 1112 1798 1157 fictione

222 1173 1435 1280 253w132⁸⁸¹1352113ers⁰ssp¹35250⁶¹s⁰ssffi¹ssssssl¹arrss¹ssap‘ffffff
1454 1173 1801 1290 ἶῖέἳῗῃξῖἑῗιῗῖ

223 1293 392 1337 Videtis
437 1297 577 1338 totam
622 1294 675 1338 de
720 1293 864 1350 Tydeo
910 1294 1205 1337 narrationem
1255 1292 1524 1350 pessumdari
1567 1307 1657 1336 una
1701 1308 1800 1336 cum

223 1353 399 1398 fictione
444 1353 524 1397 illa
559 1353 616 1397 ab
654 1353 868 1410 Aeschylo
914 1354 1172 1411 abjudicata.
1254 1352 1390 1397 Porro
1430 1353 1656 1409 quaeritur
1694 1367 1800 1397 num

223 1414 450 1457 consilium
479 1414 590 1457 illud
619 1428 773 1457 revera
793 1415 851 1457 sit
880 1414 1092 1457 insulsum
1114 1441 1168 1446 —
1192 1413 1311 1469 quod
1339 1413 1570 1456 Richterus
1597 1414 1800 1470 opinatus

223 1477 288 1518 est
319 1502 374 1508 —
407 1476 541 1531 atque
571 1477 727 1532 poetae
758 1477 853 1518 arte
883 1474 1144 1531 ingenioque
1181 1474 1419 1530 indignum.
1485 1472 1593 1517 Mihi
1624 1474 1799 1529 quidem

221 1538 272 1578 ut
302 1534 348 1578 in
378 1534 519 1592 prima
549 1535 744 1578 oratione
774 1535 997 1592 aptissime
1019 1534 1256 1590 Aeschylus
1284 1548 1543 1591 praeconem
1572 1534 1662 1578 tale
1694 1535 1799 1590 quid

223 1595 438 1639 dicentem
466 1594 571 1638 fecit
613 1609 698 1650 quo
730 1598 1011 1639 excusaretur
1040 1608 1212 1644 summa
1247 1595 1492 1638 orationum
1528 1595 1798 1650 subsequen-

221 1656 334 1698 tium
362 1669 497 1698 mora.
559 1654 758 1711 Namque
789 1656 836 1698 ni
865 1654 1012 1707 fallor,
1048 1656 1151 1699 dum
1181 1658 1351 1712 septem
1380 1654 1640 1710 Argivorum
1671 1656 1799 1698 duces

222 1716 279 1758 ad
307 1714 477 1758 Thebas
507 1715 662 1758 urbem
699 1716 929 1767 accedunt,
976 1714 1047 1757 hic
1076 1728 1225 1759 rerum
1256 1718 1398 1757 status
1430 1718 1499 1757 est
1528 1715 1795 1770 cogitandus.

221 1773 510 1831 Amphiaraus
555 1777 677 1818 vates
723 1788 988 1830 quamquam
1041 1774 1307 1818 dissuaserat
1352 1788 1406 1817 ex
1451 1774 1574 1817 initio
1619 1773 1796 1827 bellum,

221 1837 390 1886 tamen,
429 1838 481 1877 ut
512 1835 667 1877 docent
695 1850 763 1878 vv.
796 1835 853 1877 42
886 1848 996 1889 sqqf,
1032 1847 1122 1876 una
1152 1848 1251 1877 cum
1281 1834 1437 1877 ceteris
1469 1834 1649 1877 ducibus
1676 1835 1797 1891 jura-

221 1897 347 1938 verat
390 1908 482 1938 sese
528 1897 605 1937 aut
650 1893 840 1938 hostium
884 1894 1039 1938 urbem
1076 1908 1166 1939 esse
1213 1897 1441 1951 capturum
1478 1897 1556 1937 aut
1586 1894 1797 1950 sanguine

219 1953 400 1997 humum
438 1969 751 2011 respersurum.
830 1953 991 1998 Postea
1019 1954 1186 2010 Argivi,
1234 1958 1286 1997 ut
1321 1954 1605 2010 intelligimus
1637 1969 1691 1998 ex
1728 1970 1795 1998 vv.

222 2014 413 2067 55-56‚
462 2015 654 2071 singulas
684 2017 834 2072 portas
865 2017 969 2058 sunt
999 2014 1160 2060 sortiti:
1198 2013 1276 2058 sed
1305 2014 1559 2071 priusquam
1589 2015 1643 2059 ad
1674 2029 1797 2058 suam

222 2075 404 2131 quisque
439 2078 612 2133 portam
647 2075 1008 2132 proficisceretur,
1061 2078 1183 2118 vates
1215 2075 1430 2118 exercitus
1476 2076 1649 2118 nomine
1693 2074 1798 2118 fecit

221 2148 357 2188 sacra,
390 2149 502 2191 quae
534 2149 621 2178 non
652 2136 841 2178 secunda
871 2134 1066 2178 evenisse
1098 2135 1302 2178 dicuntur
1329 2151 1369 2178 v.
1402 2136 1503 2178 362.
1556 2135 1614 2178 Ε1
1644 2149 1796 2191 quam-

221 2209 354 2250 quam
383 2194 610 2251 Polynices
649 2195 830 2251 augurio
868 2198 1115 2252 contempto
1153 2195 1284 2238 duces
1315 2196 1371 2238 ad
1407 2198 1556 2251 portas
1591 2195 1797 2252 progredi

215 2255 358 2312 jussit,
387 2258 535 2299 tamen
565 2268 593 2298 a
621 2258 721 2299 vate
753 2254 877 2311 quasi
908 2257 1101 2298 extremo
1131 2255 1337 2312 temporis
1357 2258 1576 2298 momento
1607 2256 1663 2299 ab
1687 2255 1796 2299 urbe

220 2316 512 2372 oppugnanda
541 2315 773 2358 retinetur·
808 2315 1028 2383 aptissime
1050 2318 1198 2359 autem
1227 2319 1359 2372 poeta
1377 2315 1459 2358 tali
1487 2315 1670 2358 artificio
1691 2330 1796 2359 usus

220 2379 289 2417 est
308 2378 360 2417 ut
379 2375 545 2418 diceret
563 2374 768 2431 Tydeum,
801 2388 902 2417 eum
922 2375 998 2429 qui
1017 2375 1156 2431 primo
1177 2374 1223 2417 in
1243 2374 1337 2418 loco
1357 2375 1548 2431 ponitur,
1575 2375 1798 2418 Ismenum

218 2434 378 2479 flumen
410 2435 596 2479 transire
626 2434 867 2492 prohiberi,
905 2434 1061 2479 deinde
1099 2438 1287 2491 quatuor
1316 2434 1575 2490 Argivorum
1607 2435 1796 2492 descrip-

218 2495 410 2538 tionibus
445 2495 717 2552 interpositis
747 2508 1006 2551 praeconem
1042 2495 1358 2539 describentem
1394 2494 1561 2538 faceret
1588 2494 1700 2552 Amp
1700 2495 1795 2538 hia-

218 2568 344 2597 raum
379 2558 528 2610 atque
549 2555 597 2597 in
633 2570 700 2598 vv.
734 2555 821 2597 562
859 2567 956 2610 sqq.
995 2558 1247 2598 narrantem
1294 2555 1508 2610 quomodo
1545 2554 1797 2611 Polynicem

218 2628 246 2658 a
274 2614 445 2672 patriae
476 2613 795 2671 aggrediendae
827 2614 1007 2659 consilio
1038 2629 1186 2660 arcere
1208 2615 1418 2659 studeret.
1478 2614 1646 2659 Videtis
1675 2615 1796 2659 illam

217 2675 438 2717 fictionem
469 2689 523 2717 ex
555 2688 643 2729 qua
671 2678 795 2718 vates
825 2674 1009 2729 Argivos
1040 2676 1096 2718 ab
1125 2676 1234 2718 urbe
1275 2676 1569 2730 oppugnanda
1605 2676 1795 2717 retinere

218 2734 435 2803 cogitatur
465 2734 591 2791 quasi
622 2733 850 2792 complecti
880 2748 1028 2779 omnes
1047 2734 1192 2779 nuntii
1222 2734 1455 2788 orationes,
1489 2734 1551 2778 sic
1580 2737 1631 2778 ut
1662 2735 1795 2779 etiam

217 2795 263 2837 in
295 2796 450 2838 ceteris
481 2796 782 2851 exspectemus
813 2796 907 2851 ejus
937 2795 1003 2838 rei
1033 2796 1231 2851 vestigia.
1293 2796 1364 2838 Ita
1395 2796 1448 2838 de
1476 2795 1654 2838 Eteoclo
1683 2810 1794 2837 nun-

217 2854 305 2899 tius
336 2854 382 2898 in
412 2854 547 2899 tertia
576 2854 771 2898 oratione
801 2854 869 2899 his
898 2855 1095 2901 versibus
1125 2856 1283 2899 utitur:
