2003 3216
805 96 1102 141 -46—

162 245 206 287 p.
231 229 318 274 674
351 230 404 274 D.
468 229 591 273 Haec
622 229 769 272 omnia
799 229 884 287 ipsi
905 229 1119 287 Aeschylo
1140 228 1421 274 tribuendum
1443 242 1537 273 esse
1560 228 1749 273 suadent

162 296 468 345 argumentum
515 294 559 333 et
596 289 725 346 hujus
761 288 940 333 fabulae
989 290 1169 334 alterius
1215 290 1458 347 particulae
1497 294 1542 334 et
1570 289 1748 334 fabulae

163 365 190 393 a
222 350 489 395 Weckleinio
528 350 757 393 laudatae:
808 354 1002 394 ceterum
1034 351 1219 407 scriptor
1250 350 1639 404 astronomicorum
1667 350 1749 394 hoc

161 412 207 453 in
240 412 555 455 sententiarum
586 424 784 454 connexu
815 410 1051 455 Herculem
1090 426 1177 455 non
1216 411 1581 463 commemoravit,
1631 410 1748 467 quod

161 470 279 513 infra
325 472 379 514 de
428 472 522 528 ejus
560 470 771 514 beneficio
805 472 1052 515 accuratius
1085 475 1181 515 erat
1212 471 1528 529 disputaturus.
1590 471 1748 526 Itaque

161 545 302 587 paene
350 536 472 574 certa
518 535 586 574 est
630 530 708 573 illa
754 531 1005 587 conjectura
1050 531 1204 575 Jovem
1248 533 1392 589 ipsum
1423 546 1477 575 ex
1507 531 1595 574 fide
1627 530 1747 584 data,

161 595 396 648 postquam
429 591 668 635 audivisset
700 605 727 634 a
758 590 1017 636 Prometheo
1038 592 1304 645 vaticinium,
1337 592 1507 636 misisse
1540 605 1666 635 suum
1696 591 1749 635 fi-

161 652 280 703 lium,
315 656 365 694 ut
396 656 440 694 et
472 651 667 706 aquilam
697 652 963 695 interficeret
992 656 1036 694 et
1057 666 1156 694 eum
1175 653 1320 708 ipsum
1340 653 1506 695 catenis
1526 652 1747 695 liberaret.

161 711 314 767 Neque
362 712 478 755 enim
522 711 612 754 ullo
658 710 788 755 modo
834 716 1019 769 possunt
1063 712 1173 756 haec
1209 713 1447 768 segregari,
1481 725 1751 769 quamquam

162 772 417 815 dubitanter
446 771 741 815 Weckleinius
774 771 877 815 edit.
900 788 943 828 p.
970 774 1022 815 11
1058 777 1126 815 661
1157 774 1403 840 suspicatus
1434 773 1628 828 potuisse
1649 777 1750 840 post

163 831 357 888 aquilam
390 832 446 875 ab
478 830 666 876 Hercule
697 830 974 875 interfectam
1004 832 1147 875 virum
1177 832 1321 890 ipsum
1354 846 1382 875 a
1409 831 1624 876 Mercurio
1655 832 1749 876 vin-

162 893 270 934 culis
319 892 440 942 solvi,
488 897 532 934 et
577 892 825 934 Kolischius
865 907 943 935 suo
977 907 1029 934 ex
1061 907 1180 935 more
1211 907 1291 948 pro
1323 897 1441 935 certo
1471 892 1563 935 fere
1596 893 1751 935 statuit

162 951 257 1009 (pp.
280 952 477 997 0-78)1
511 951 705 1007 aquilam
738 952 793 995 ab
814 951 1003 995 Hercule
1036 966 1130 995 esse
1162 956 1376 1004 necatam,
1409 953 1553 1009 ipsum
1573 951 1750 995 Prome-

162 1013 311 1055 theum
359 1026 386 1054 a
422 1011 620 1054 Vulcano
668 1011 858 1054 solutum
896 1017 1029 1067 atque
1069 1012 1256 1055 eandem
1286 1011 1378 1055 fere
1411 1013 1751 1068 disputationem

161 1071 310 1114 multis
356 1072 501 1118 verbis
550 1070 734 1127 adjectis
771 1072 949 1128 repetiit
984 1072 1030 1113 in
1063 1085 1163 1114 ann.
1197 1086 1280 1115 rer.
1315 1086 1458 1129 gymn.
1491 1071 1634 1115 Berol.
1665 1071 1748 1115 vol.

161 1131 324 1174 XXIII.
358 1129 450 1188 (an.
476 1129 626 1188 1879).
691 1130 805 1173 Nam
827 1132 1004 1174 obstant
1025 1132 1319 1186 segregationi
1341 1132 1456 1174 duae
1477 1132 1750 1188 potissimum

162 1206 246 1235 res.
310 1191 454 1246 Atque
486 1191 675 1247 primum
707 1190 885 1247 quidem
916 1205 1044 1234 nemo
1075 1195 1220 1248 potest
1251 1192 1434 1247 cogitari
1465 1192 1541 1247 qui
1561 1191 1749 1235 Hercule

164 1252 310 1308 aptius
341 1250 540 1293 Titanem
578 1250 721 1293 solvat
758 1251 954 1294 vinculis.
1018 1250 1218 1306 Namque
1250 1255 1301 1294 111
1329 1255 1510 1308 propter
1540 1267 1607 1295 vv.
1634 1252 1748 1295 1025

164 1312 341 1354 -1028
376 1315 478 1354 ante
510 1311 654 1367 ipsam
685 1310 945 1354 solutionem
977 1311 1128 1354 debuit
1158 1312 1343 1355 inveniri
1374 1311 1482 1354 deus
1515 1312 1572 1353 in·
1591 1310 1752 1354 Orcum

164 1371 430 1415 descendere
461 1375 659 1428 paratus,
693 1371 755 1414 sic
785 1372 879 1428 ipse
901 1370 1113 1414 Hercules
1134 1371 1161 1414 J
1164 1372 1234 1415 ovi
1257 1370 1487 1414 Chironem
1508 1371 1750 1415 ostendisse

165 1432 325 1475 dicitur
369 1446 449 1489 pro
498 1431 637 1474 altero
684 1435 869 1475 mortem
909 1432 1129 1475 obiturum
1160 1431 1377 1488 (Apollod.
1410 1431 1513 1475 bibl.
1546 1431 1603 1474 ΙΙ.
1638 1446 1673 1475 6.
1708 1433 1749 1475 5.

163 1492 253 1534 fab.
284 1493 332 1534 ll
359 1494 383 1546 ξ
407 1494 453 1542 2;
485 1492 520 1534 Ι.
543 1506 578 1534 6.
603 1492 644 1535 5.
678 1491 766 1534 fab.
790 1493 818 1534 4
851 1492 874 1546 ξ
897 1492 957 1542 6).
1006 1492 1175 1535 Deinde
1207 1497 1339 1548 poeta
1359 1493 1503 1535 verbis
1527 1493 1751 1548 apertissi-

161 1553 243 1594 mis
275 1565 355 1594 nos
387 1550 515 1594 docet
545 1550 854 1594 Prometheum
886 1552 942 1595 ab
973 1550 1048 1595 illo
1076 1566 1164 1594 11011
1188 1550 1338 1607 aquila
1369 1551 1498 1594 modo
1520 1551 1598 1594 sed
1620 1552 1754 1595 etiam

162 1611 346 1655 vinculis
393 1612 448 1653 iri
494 1611 742 1654 liberatum.
805 1610 919 1654 Nam
964 1611 1188 1654 Vulcanus
1225 1611 1348 1654 illum
1385 1612 1610 1655 vincturus
1650 1611 1755 1654 dicit

162 1671 291 1714 haec:
330 1670 379 1709 »ὁ
402 1670 607 1727 λωφήσων
629 1669 710 1726 γὰρ
732 1669 781 1711 οὐ
804 1668 963 1726 πέφυκέ
984 1684 1073 1711 mo«
1101 1670 1160 1723 (v.
1185 1669 1277 1729 27),·
1310 1675 1354 1714 et
1382 1672 1476 1727 ipse
1497 1672 1755 1727 priusquam

164 1731 269 1786 quid
300 1731 596 1788 pronuntiarit
628 1730 683 1774 de
710 1731 975 1786 jecinoribus
1009 1731 1160 1786 aquila
1190 1730 1450 1783 lacerandis,
1489 1731 1755 1775 vaticinatur

161 1792 260 1835 Jovi
292 1791 527 1834 Herculem
559 1804 656 1833 sese
689 1790 910 1834 doloribus
943 1805 1038 1834 esse
1066 1791 1353 1834 liberaturum
1374 1789 1461 1849 (vv.
1481 1792 1625 1834 769-
1631 1793 1653 1835 'i
1662 1789 1752 1848 72),

162 1851 313 1909 paullo
347 1856 494 1895 autem
525 1850 706 1894 inferius
737 1851 877 1895 utitur
906 1850 974 1894 his
1005 1852 1202 1895 versibus
1235 1849 1343 1909 (869
1367 1848 1505 1910 sqq.):

453 1912 610 1970 σπορᾶς
637 1927 683 1967 γε
707 1912 789 1970 μὴν
821 1910 867 1954 ἐκ
895 1911 1018 1971 τῆσδε
1049 1911 1219 1969 φύσεται
1249 1910 1420 1969 θρασύς,

453 1971 598 2019 τός-οισι
627 1971 754 2014 κλεινὴ
755 1986 777 2021 ς
804 1971 852 2021 υς
879 1972 1014 2014 πόνων
1045 1972 1091 2014 ἐκ
1119 1972 1237 2015 ϊῶνδθ
1269 1972 1340 2030 ἐμὲ

453 2031 574 2076 λύσει.

163 2094 330 2145 Quibus
368 2094 413 2135 in
452 2094 596 2136 verbis
629 2093 840 2136 Hercules
880 2098 924 2136 et
957 2098 1107 2150 aperte
1141 2093 1300 2136 dicitur
1330 2094 1471 2136 virum
1502 2094 1668 2138 catenis
1699 2092 1753 2135 li-

163 2155 398 2197 beraturus
446 2158 490 2197 et
535 2153 759 2197 vocabulis
810 2151 987 2200 »τόξοισι
1024 2151 1200 2199 κλεινός<<
1252 2154 1435 2197 obscure
1483 2153 1755 2208 significatur

165 2214 364 2269 aquilam
394 2218 632 2257 necaturus
664 2227 935 2269 quamquam
965 2214 1049 2256 hac
1081 2214 1136 2256 de
1168 2228 1215 2257 re
1247 2214 1354 2256 nihil
1375 2213 1650 2270 praedictum
1672 2218 1751 2256 est.

163 2273 409 2318 Kolischius
456 2278 607 2318 tamen
653 2288 859 2331 perverse
893 2274 1056 2317 abusus
1088 2278 1156 2318 est
1185 2274 1253 2317 his
1284 2274 1502 2317 vaticiniis
1534 2288 1632 2316 cnm
1662 2277 1753 2317 sta-

162 2339 307 2378 tueret
337 2339 515 2391 poetam
545 2334 770 2377 induxisse
802 2333 1110 2377 Prometheum
1142 2334 1196 2377 de
1218 2334 1418 2377 Herculis
1446 2334 1656 2377 beneficio
1677 2348 1754 2377 va-

162 2395 432 2454 ticinantem,
465 2395 725 2452 priusquam
762 2394 869 2449 quid
905 2394 1200 2451 praedixisset
1231 2394 1285 2437 de
1313 2394 1555 2451 jecinorum
1585 2393 1755 2437 lacera-

162 2457 294 2506 tione,
329 2455 516 2509 ideoque
549 2454 695 2498 facere
726 2468 814 2497 non
847 2455 1040 2511 potuisse
1073 2455 1178 2510 quin
1209 2455 1462 2498 traduceret
1500 2455 1755 2498 vaticinium

164 2515 222 2559 ad
254 2515 527 2559 vinculorum
559 2514 831 2558 solutionem.
894 2514 953 2558 At
984 2529 1070 2571 quo
1103 2515 1286 2559 artificio
1317 2515 1411 2572 ipse
1442 2518 1575 2572 poeta
1605 2514 1755 2557 1136111

163 2591 300 2619 causa
332 2577 389 2619 sit
419 2590 525 2618 usus
558 2575 686 2619 docet
714 2576 901 2618 obscura
921 2574 999 2618 illa
1020 2576 1280 2630 significatio
1303 2590 1417 2631 quae
1439 2579 1507 2618 est
1527 2575 1572 2617 in
1593 2591 1633 2619 v.
1653 2576 1753 2618 870.

286 2636 373 2680 Sed
404 2636 513 2679 haec
544 2636 778 2679 hactenus:
811 2650 965 2679 vereor
997 2637 1112 2679 6111111
1143 2651 1198 2679 116
1229 2636 1359 2679 11111116
1392 2650 1419 2679 a
1449 2650 1497 2679 re
1529 2635 1755 2693 proposita

165 2697 374 2740 aberasse
423 2697 558 2740 dicar.
622 2696 744 2748 Quae
790 2700 940 2739 tamen
980 2696 1108 2740 attuli
1148 2697 1256 2740 satis
1288 2696 1519 2740 ostendere
1551 2696 1756 2740 videntur

163 2757 433 2800 Kolischium
481 2757 729 2813 nuperrime
779 2756 833 2799 de
880 2755 1129 2800 Promethei
1177 2756 1391 2800 solutione
1438 2770 1525 2799 non
1572 2757 1755 2800 circum-

164 2819 357 2874 spectius
384 2817 651 2873 judicavisse
685 2831 818 2878 quam
850 2817 895 2859 in
925 2817 979 2859 iis
1012 2832 1126 2873 qnae
1160 2821 1293 2861 antea
1314 2817 1583 2874 conscripsit,
1616 2820 1666 2860 ut
1687 2816 1755 2859 di·
