2003 3216
868 95 1164 138 ...23-

231 242 278 271 es
310 241 408 270 cum
438 241 491 269 >eo
523 225 787 275 malorum‹;
853 223 1060 265 »θέλουσα
1099 222 1237 265 ἄκοντι
1266 224 1494 266 κοινωνεῖν(
1526 225 1708 281 jubetur
1738 239 1804 276 ea,

230 287 346 342 quod
376 286 498 341 virgo
528 286 626 342 ipsa
654 288 724 328 est
752 285 869 328 inter
909 285 1049 337 viVOS‚
1081 285 1146 328 ita
1174 288 1226 328 ut
1255 284 1373 341 quod
1402 283 1497 327 vult
1541 284 1676 341 possit
1704 298 1804 341 per—

229 347 376 397 ficere‚
424 344 652 401 Polynices
688 348 836 387 autem
866 347 1062 387 mortuus
1108 344 1331 387 voluntate
1364 344 1456 401 jam
1491 348 1624 388 caret.
1686 343 1806 388 Haec

229 406 363 461 igitur
392 405 608 449 dicentem
623 404 885 460 Antigonam
906 404 959 448 de
990 418 1158 447 summo
1179 404 1368 460 quodam
1393 403 1586 461 periculo
1614 403 1805 460 cogitare

228 480 308 523 per
338 479 386 508 se
416 464 692 520 intelligitur:
740 478 883 520 neque
915 464 1030 508 enim
1061 464 1149 507 alia
1177 478 1311 507 causa
1338 467 1486 520 potest
1514 464 1698 508 inveniri
1729 478 1806 507 cur

228 525 484 570 adhortetur
515 522 650 582 φυχῆν
679 527 730 568 ut
758 524 946 569 libenter
975 539 1073 568 cuin
1106 524 1243 568 fratre
1263 523 1476 568 malorum
1496 524 1554 568 sit
1571 524 1804 582 particeps,

228 585 363 629 Porro
393 585 545 642 populi
574 584 770 628 Thebani
815 585 1094 629 severitatem
1130 584 1235 627 mihi
1281 585 1455 640 quidem
1501 599 1657 642 praeco
1695 585 1803 628 satis

229 646 471 702 significare
502 645 687 697 videtur,
720 660 818 689 cum
848 645 903 689 ab
922 645 1144 701 Antigona
1162 644 1349 702 amplius
1378 645 1673 689 contradicere
1694 645 1803 689 veti·

227 711 298 749 tus
329 706 609 762 respondeat:
662 703 843 764 »τραχότ
867 720 914 759 γε
929 703 1069 761 μέντοι
1099 703 1229 763 δῆμος
1255 704 1446 761 ἐκφυγών
1478 705 1628 747 nand«.
1690 704 1803 757 Quid

228 766 344 821 quod
373 765 505 819 etiam
536 765 654 808 chori
681 766 768 809 dux
798 764 1043 809 deliberans
1072 769 1220 809 utrum
1246 769 1535 823 prosequatur
1554 764 1803 822 Polynicem

227 840 361 868 necne
399 826 587 881 primum
618 825 726 868 illud
755 826 914 881 rejicit,
963 825 1081 880 quod
1110 829 1280 868 metuat
1308 825 1548 882 pericnlum
1580 840 1608 868 a
1637 826 1802 869 civibus

226 885 474 936 imminens3
505 898 692 940 namque
712 884 794 928 hoc
824 885 945 929 dicit:
983 883 1112 925 »ἀλλὰ
1134 883 1339 941 φοβοῦμαι
1359 882 1662 941 κάποτρέπομαι
1681 883 1801 940 ὃεξαα

229 944 442 986 naamam.
504 944 624 997 Quae
655 959 753 988 cum
782 945 847 988 ita
877 945 977 997 sint,
1010 959 1090 1002 pro
1118 948 1236 988 certo
1270 948 1339 989 est
1369 946 1647 989 statuendum
1677 960 1799 1002 spec-

225 1009 390 1048 tatores
430 1008 475 1048 et
512 1006 564 1048 de
596 1004 800 1062 Polynice
845 1005 1092 1061 sepeliendo
1130 1008 1176 1048 et
1212 1005 1265 1048 de
1296 1005 1541 1060 Antigonae
1578 1009 1696 1048 sorte
1732 1005 1799 1047 111-

225 1069 365 1108 certos
386 1068 519 1120 atque
551 1079 784 1121 suspensos
806 1065 859 1108 de
889 1064 1061 1108 theatro
1083 1065 1254 1108 dimitti.
1316 1064 1529 1120 Equidem
1555 1065 1800 1121 putaverim

225 1124 313 1168 tale
367 1125 470 1180 quid
523 1124 755 1168 abhorrere
806 1139 983 1182 prorsus
1037 1125 1092 1168 ab
1144 1128 1239 1167 arte
1287 1124 1537 1168 dramatica.
1621 1124 1801 1168 Accedit

225 1186 340 1240 quod
371 1189 503 1242 poeta
532 1186 674 1229 verbis
696 1185 978 1242 apertissimis
1009 1184 1115 1228 dicit
1145 1183 1348 1241 Polynice
1377 1188 1422 1228 et
1443 1184 1619 1228 Eteocle
1648 1185 1798 1229 occisis

224 1246 387 1301 fugisse
421 1247 691 1292 daemonem:
725 1246 886 1289 etenim
917 1246 978 1289 sic
1008 1249 1164 1288 sonant
1194 1245 1314 1289 chori
1343 1261 1411 1289 vv.
1444 1246 1700 1290 931—933:

617 1305 759 1348 ἕστακε
790 1305 826 1347 δ’
851 1302 965 1355 ’Ἄτας
991 1307 1182 1363 τροπαῖον
1212 1304 1256 1347 ἐν
1287 1304 1441 1355 πύλαις,

617 1365 660 1407 ἐν
692 1365 756 1414 αἷς
783 1364 986 1408 ἐθείνοντο
1016 1366 1082 1407 καὶ

616 1424 726 1468 δυοῖν
752 1425 956 1485 κρατήσας
983 1423 1099 1484 ἔληξε
1129 1423 1224 1483 δαίμ
1226 1440 1296 1467 ων.

224 1486 365 1537 Quid?
411 1489 676 1542 spectatores
721 1500 875 1529 revera
918 1486 1082 1541 fugisse
1130 1486 1384 1529 daemonem
1424 1484 1631 1529 fratribus
1667 1486 1797 1529 caede

224 1549 376 1588 mutua
420 1546 662 1616 absumptis
709 1547 883 1589 credere
929 1548 1183 1603 potuerunt,
1237 1545 1441 1589 timentes
1487 1560 1543 1589 ne
1581 1545 1799 1601 Antigona

224 1609 473 1649 senatorum
506 1607 626 1663 jussu
658 1609 903 1664 contempto
941 1620 1156 1649 summum
1200 1605 1410 1650 incideret
1439 1606 1485 1649 in
1520 1605 1795 1663 supplicium!

222 1666 280 1708 Et
311 1670 378 1709 est
408 1667 839 1710 animadvertendum
868 1666 1129 1723 Aeschylum
1160 1670 1211 1709 ut
1239 1670 1433 1710 servaret
1463 1666 1584 1710 illam
1611 1667 1665 1710 de
1693 1666 1796 1710 dae-

222 1726 360 1769 monis
404 1726 509 1782 fuga
553 1727 791 1779 fictionem,
845 1730 997 1772 nostra
1041 1727 1087 1769 in
1132 1726 1359 1782 tragoedia
1388 1740 1581 1782 -prorsus
1626 1726 1797 1769 silentio

222 1786 430 1842 pressisse
475 1786 670 1830 fabulam
716 1801 828 1842 quae
881 1790 1086 1829 narratur
1132 1787 1185 1830 de
1222 1786 1443 1843 Epigonis.
1525 1786 1621 1829 Hac
1664 1787 1712 1829 in
1749 1801 1797 1830 re

221 1846 428 1901 insequor
465 1846 796 1890 Schneidewinii
833 1847 1171 1903 disputationem
1224 1860 1355 1902 quam
1393 1847 1528 1890 edidit
1563 1847 1609 1889 in
1641 1845 1795 1890 Philol.

221 1905 304 1949 vol.
337 1906 416 1949 ΙΙΙ.
499 1906 663 1963 Aperte
709 1906 868 1950 fratres
914 1906 1063 1950 liberis
1110 1920 1256 1950 carere
1304 1907 1507 1950 dicuntur
1551 1921 1638 1949 uno
1683 1906 1795 1949 loco:

222 1981 408 2022 namque
440 1970 672 2023 postquam
692 1967 797 2011 urbs
828 1968 884 2010 ab
903 1966 1095 2010 hostium
1124 1967 1292 2024 impetu
1324 1970 1392 2010 est
1418 1966 1608 2020 defensa,
1640 1966 1798 2011 fratres

217 2030 369 2069 >autem
399 2027 514 2070 inter
544 2041 640 2071 sese
679 2028 947 2079 occiderunt,
997 2027 1123 2070 chori‘
1148 2027 1234 2070 dux
1265 2027 1460 2070 versibus
1506 2027 1796 2083 anapaesticis

220 2090 347 2130 utens
377 2101 523 2130 secum
544 2087 679 2131 volvit
709 2090 856 2130 utrum
888 2102 986 2130 cum
1016 2086 1163 2130 amicis
1194 2090 1375 2144 propter
1405 2087 1559 2131 urbem
1580 2090 1797 2131 servatam

220 2147 492 2191 concelebret
513 2148 614 2191 deos
634 2161 690 2191 an
710 2147 855 2205 potius
875 2146 1025 2203 lugeat
1044 2148 1223 2191 miseros
1243 2160 1369 2203 reges
1391 2145 1578 2193 ἐτέκνους
1595 2144 1655 2205 (v.
1673 2145 1794 2205 810).

219 2207 343 2257 Quod
372 2208 629 2251 vocabulum
660 2212 706 2251 et
736 2208 839 2250 olim
870 2208 1107 2251 scholiasta
1145 2222 1243 2251 cum
1272 2207 1447 2252 aliunde
1482 2207 1667 2252 haberet
1695 2222 1795 2263 cog-

218 2267 359 2309 nitum
390 2266 523 2310 fuisse
554 2267 641 2310 illis
672 2267 850 2319 liberos,
884 2267 994 2310 miro
1025 2281 1123 2310 cum
1154 2267 1337 2310 artificio
1376 2271 1443 2310 est
1480 2268 1796 2324 interpretatus

223 2324 313 2367 »ἐπὶ
358 2327 474 2382 κακῷ
522 2325 766 2385 τεχθέντας(
824 2331 869 2371 et
913 2328 1176 2371 recentiores
1227 2331 1479 2385 corruptum
1530 2331 1796 2379 statuerunt.

220 2386 305 2430 Sed
337 2386 582 2430 defenditur
612 2390 744 2443 atque
775 2388 972 2430 munitur
999 2387 1258 2431 vocabulum
1288 2388 1461 2430 fictione
1493 2388 1549 2431 ab
1581 2386 1794 2443 Aeschylo

204 2450 356 2489 -totam
402 2461 482 2504 per
526 2446 718 2491 fabulam
763 2451 947 2491 servata.
1024 2446 1223 2503 Namque
1261 2462 1349 2491 non
1387 2462 1474 2491 uno
1512 2447 1606 2491 loco
1639 2447 1797 2492 dieitur

219 2506 373 2564 Oedipi
389 2521 523 2563 genus
542 2521 721 2565 prorsus
742 2507 960 2564 exstingui
976 2511 1129 2551 mutua
1144 2507 1279 2552 caede
1295 2507 1482 2551 Eteoclis
1503 2511 1548 2551 et
1563 2505 1793 2564 Polynicis.

219 2567 288 2610 Sic
318 2582 395 2611 rex
431 2568 525 2624 ipse
561 2568 606 2611 in
637 2568 851 2624 proelium
889 2568 1087 2611 abiturus
1123 2568 1355 2625 profitetur
1395 2569 1441 2611 in
1479 2584 1547 2612 vv.
1581 2568 1667 2612 672
1699 2582 1793 2624 sqq.

217 2641 313 2669 esse
344 2628 587 2695 periculum
617 2642 674 2670 ne
704 2631 858 2684 pereat
894 2631 1035 2671 totum
1065 2628 1161 2671 Laii
1192 2642 1328 2683 genus
1357 2628 1548 2684 Apollini
1593 2628 1793 2671 invisum

216 2685 368 2744 Neque
406 2687 548 2731 minus
584 2686 737 2732 chorus
771 2687 958 2732 fratrum
988 2688 1120 2732 caede
1153 2686 1307 2745 Oedipi
1347 2702 1482 2744 genus
1519 2687 1795 2745 absumptum

217 2762 308 2791 esse
360 2749 594 2803 significat,
647 2762 746 2792 cum
792 2749 908 2792 dicat
964 2748 1117 2792 Furias
1171 2763 1315 2793 acrem
1362 2752 1538 2792 cantum
1589 2748 1793 2792 cecinisse

220 2805 524 2865 »τετραμμένου
572 2805 794 2866 παντρόπῳ
843 2809 953 2865 φυγᾶ
1000 2806 1164 2862 γένους(
1216 2807 1275 2866 (v.
1315 2806 1436 2867 930).
1514 2807 1650 2851 Porro
1696 2822 1795 2851 mea

216 2868 391 2922 quidem
428 2869 647 2912 sententia
683 2870 817 2912 verba
848 2884 960 2924 quae
991 2873 1096 2912 sunt
1125 2870 1171 2912 in
1201 2885 1269 2913 vv.
1304 2870 1387 2913 871
1421 2874 1515 2924 sqq.
1568 2883 1655 2912 non
1688 2869 1793 2911 satis
