2003 3216
854 73 1151 117 ..24-

208 207 393 260 possunt
430 204 618 261 intelligi
652 205 735 248 nisi
772 207 1014 248 statuemus
1051 202 1285 245 »διανταίαν
1323 202 1504 259 πλαγάνε
1545 205 1671 249 idem
1700 219 1794 250 esse

210 267 345 320 atque
395 266 558 308 »ictum
603 264 929 316 mortiferum‹;
975 279 1078 308 nam
1124 264 1368 320 Antigonae
1413 263 1600 317 fratrum
1645 280 1796 309 necem

207 323 378 380 lugenti
409 325 675 382 respondent
704 324 914 380 virgines:
966 325 1098 368 »dicis
1130 338 1202 368 eos
1233 324 1428 368 intulisse
1458 324 1613 368 volnus
1643 326 1795 369 morti-

208 383 351 426 ferum
373 385 624 440 corporibus
654 385 745 426 suis
767 387 813 427 et
833 385 1071 427 domibus«.
1136 383 1340 427 Ceterum
1359 384 1481 427 illam
1500 385 1557 427 ad
1577 385 1795 428 fictionem

207 443 319 486 bene
367 443 582 498 quadrare
633 443 807 487 videtur
853 444 969 499 quod
1015 443 1137 487 nullo
1182 443 1277 487 loco
1340 442 1567 500 Polynices
1616 448 1797 487 vocatur

208 502 387 546 Adrasti
417 518 539 547 socer
570 506 617 547 et
636 502 836 547 Eteocles
867 519 965 560 cum
995 505 1042 547 in
1072 504 1323 548 universum
1353 504 1496 548 verbis
1529 504 1795 560 gravissimis

207 563 456 606 invehitur
444 578 487 606 111
506 564 694 618 virgines
712 557 958 619 pavitantes
975 550 1068 606 tum
1084 565 1152 607 his
1168 565 1309 607 utitur
1324 565 1517 608 versibus
1534 564 1641 621 (170
1658 563 1792 620 sqq)

490 622 582 681 μήτ’
614 622 659 666 ἐν
688 626 861 666 κακοῖσιν
885 623 979 682 μήτ’
1010 624 1054 667 ἐν
1084 623 1247 666 εὐεστοῖ
1272 622 1368 682 φίλῃ

498 682 675 732 ξύνοικος
702 681 788 742 εἴην
820 686 882 740 τῷ
910 683 1120 740 γυναικείῳ
1153 682 1256 738 γένει

206 742 269 785 sic
300 745 351 785 ut
381 742 453 785 vix
484 742 693 787 credibile
724 743 926 787 videatur
957 758 1057 787 eum
1087 757 1323 799 umquam
1336 744 1689 787 consuetudinem
1725 758 1795 787 co-

205 802 340 846 luisse
386 818 484 846 cum
530 803 717 846 feminis.
779 803 900 855 Quae
948 818 1045 846 cum
1091 804 1155 846 ita
1186 804 1286 855 sint,
1326 818 1406 846 suo
1432 804 1531 860 jure
1563 804 1795 847 Schneide-

208 862 366 905 winius
412 863 547 907 verba
590 863 730 919 »μενεῖ
762 860 914 905 κτέανα
955 861 1211 917 τ’ἐπιγόνοις«
1254 863 1485 907 admittere
1524 867 1657 920 negat
1686 863 1799 907 hanc

207 924 616 979 interpretationem
675 925 940 968 »manebunt
979 924 1276 980 possessiones
1306 924 1612 980 postgenitis‹,
1666 925 1797 967 immo

208 983 345 1025 verba
376 982 440 1025 sic
469 997 550 1040 per
580 984 765 1025 ironiam
796 984 1049 1040 accipienda
1080 998 1176 1026 esse
1209 984 1367 1026 suadet
1408 987 1459 1026 ut
1490 984 1635 1027 dicant
1664 983 1797 1039 virgi-

209 1057 289 1086 nes
321 1057 500 1087 manere
531 1043 825 1101 possessiones
856 1043 1098 1087 minoribus
1119 1044 1173 1087 iis
1202 1043 1278 1099 qui
1299 1058 1386 1087 non
1408 1044 1509 1087 sint.
1557 1043 1677 1089 Haec
1698 1058 1797 1087 sen-

209 1104 353 1144 tentia
383 1104 491 1144 mihi
523 1104 700 1157 quidem
730 1104 876 1145 verbis
910 1104 1057 1157 qualia
1088 1108 1191 1145 sunt
1221 1104 1386 1145 tradita
1406 1119 1493 1146 non
1515 1104 1624 1145 satis
1646 1108 1797 1159 aperte

208 1161 447 1219 significari
478 1161 676 1214 videtur3
707 1162 823 1206 idem
854 1161 945 1207 fere
979 1162 1174 1216 effertur,
1209 1163 1246 1206 si
1268 1161 1386 1212 facili
1406 1163 1655 1221 conjectura
1675 1162 1797 1207 adhi-

206 1223 301 1265 bita
345 1237 425 1279 pro
473 1223 619 1265 dativo
668 1220 866 1276 ἐπιγόνοις
905 1224 1141 1266 scribemus
1180 1224 1492 1266 accusativum:
1540 1223 1797 1265 habebimus

210 1282 325 1326 enim
363 1282 477 1327 hanc
514 1282 777 1327 sententiam
829 1283 1172 1340 »exspectabunt
1210 1282 1279 1327 vel
1309 1283 1454 1340 potius
1485 1282 1799 1327 desiderabunt

206 1344 504 1400 possessiones
549 1343 863 1400 postgenitos«.
926 1342 989 1387 Ut
1034 1344 1170 1400 igitur
1216 1345 1467 1387 ostenderet
1496 1347 1629 1401 poeta
1667 1343 1796 1401 Poly-

206 1404 315 1447 nicis
348 1407 393 1447 et
413 1403 603 1447 Eteoclis
635 1404 767 1447 caede
795 1407 951 1447 mutua
972 1405 1126 1448 revera
1149 1405 1264 1448 diras
1287 1418 1383 1448 esse
1406 1405 1642 1448 exstinctas
1664 1407 1797 1460 atque

206 1464 371 1520 fugisse
404 1464 674 1517 daemonem,
707 1464 1004 1521 Epigonorum
1024 1464 1217 1508 fabulam
1238 1464 1555 1520 neglegendam
1577 1478 1672 1508 esse
1697 1478 1796 1508 cen-

206 1525 307 1577 suit,
342 1538 454 1580 quae
485 1524 636 1568 fabula
657 1539 741 1567 non
772 1524 901 1567 modo
922 1524 1151 1568 notissima
1172 1529 1267 1568 erat
1288 1524 1545 1580 aequalibus
1567 1526 1644 1568 sed
1665 1525 1798 1568 etiam

206 1586 261 1628 ab
293 1585 388 1641 ipso
419 1588 552 1641 poeta
582 1584 669 1628 alia
699 1585 745 1628 in
764 1585 1005 1640 tragoedia,
1040 1600 1152 1640 quae
1180 1589 1360 1628 vocatur
1387 1581 1589 1639 Ἐπίγονοι,
1621 1589 1799 1628 narrata

206 1659 302 1688 esse
349 1644 553 1688 traditur.
616 1645 682 1688 De
728 1644 914 1687 fratrum
950 1645 1085 1700 igitur
1120 1644 1222 1687 filiis
1259 1648 1525 1702 spectatores
1554 1645 1600 1687 in
1631 1645 1796 1688 incerto

204 1705 394 1760 relinqui
439 1705 598 1748 noluit:
648 1708 693 1748 et
729 1706 953 1749 credemus
985 1720 1084 1748 eum
1126 1705 1181 1748 de
1220 1705 1462 1761 Antigonae
1493 1704 1633 1748 salute
1666 1720 1739 1749 eos
1772 1720 1795 1748 e

205 1765 380 1809 theatro
411 1765 577 1809 misisse
609 1779 793 1809 securos.

327 1825 411 1870 Sed
449 1825 576 1870 facile
616 1826 712 1882 quis
749 1826 913 1883 poterit
959 1826 1145 1883 objicere
1185 1840 1280 1870 esse
1312 1829 1464 1869 nostra
1493 1826 1539 1869 in
1569 1825 1797 1883 tragoedia

205 1886 343 1929 etiam
391 1886 499 1929 alias
531 1901 601 1929 res
633 1901 721 1929 non
752 1887 890 1941 magis
923 1901 1054 1941 quam
1087 1901 1261 1929 scenam
1292 1886 1414 1929 illam
1444 1886 1501 1928 ad
1533 1886 1677 1936 finem*
1695 1901 1795 1943 per-

205 1946 374 2002 ductas.
437 1946 612 1991 Etenim
642 1947 832 2004 primum
863 1946 944 1990 1100
976 1947 1021 1990 111
1058 1961 1105 1991 re
1128 1946 1407 1991 offenderunt
1427 1946 1509 1991 viri
1531 1945 1647 1990 docti
1679 1946 1796 2003 quod

203 2011 382 2062 praeter
412 2007 631 2050 Eleoclem
663 2011 709 2050 et
734 2007 983 2063 Polynicem
1014 2011 1168 2049 mutua
1198 2021 1330 2049 manu
1362 2008 1525 2049 occisos
1553 2011 1796 2049 ceterorum

204 2067 409 2111 interitus
455 2082 543 2111 non
583 2070 701 2112 esset
738 2070 1017 2120 memoratUS‚
1065 2066 1250 2123 ideoque
1282 2070 1385 2111 ante
1418 2065 1699 2111 didascaliam
1729 2067 1795 2110 in-

204 2132 382 2171 ventam
412 2128 458 2171 in
489 2128 719 2183 tragoedia
749 2129 939 2183 quadam
972 2128 1261 2183 subsequenti
1296 2143 1395 2171 eum
1432 2128 1678 2184 expositum
1700 2143 1796 2171 esse

205 2191 471 2233 censuerunt
502 2186 607 2246 (vid.
633 2187 684 2231 G.
709 2187 951 2231 Hermanni
983 2202 1052 2245 op.
1075 2187 1173 2231 VII.
1207 2203 1249 2245 p.
1274 2185 1394 2245 209).
1444 2187 1570 2231 Nunc
1591 2188 1796 2243 quoniam

204 2249 443 2293 didascalia
489 2264 512 2292 e
560 2248 753 2292 tenebris
802 2252 928 2292 eruta
974 2252 1145 2292 constat
1190 2247 1439 2291 substitisse
1494 2248 1714 2304 trilogiam
1750 2249 1796 2291 in

206 2309 325 2365 Sept.
359 2308 527 2361 fabula,
578 2309 804 2364 quaeritur
852 2310 965 2352 sitne
1009 2322 1163 2352 revera
1205 2308 1281 2351 illa
1327 2309 1380 2351 de
1419 2309 1574 2351 ceteris
1615 2309 1795 2351 ducibus

204 2369 400 2413 narratio
433 2369 495 2413 sic
526 2372 778 2426 comparata
814 2372 863 2412 ut
895 2370 948 2413 de
981 2383 1132 2412 eorum
1162 2367 1265 2412 fatis
1296 2368 1452 2412 incerti
1482 2367 1793 2424 relinquamur.

203 2429 311 2473 Mihi
343 2430 520 2486 (1111116111
551 2433 684 2486 poeta
714 2444 807 2474 rem
839 2430 901 2473 sic
930 2430 1173 2473 instituisse
1195 2429 1368 2473 videtur
1397 2432 1448 2472 ut
1483 2445 1549 2473 vv.
1570 2430 1656 2474 776
1675 2443 1793 2485 sqq.:

495 2489 605 2538 πόλις
632 2489 833 2546 πέφευγεν
864 2489 940 2548 ἥδε
971 2489 1128 2531 δούλιον
1160 2488 1293 2544 ξυγόν.

496 2548 699 2601 πέπτωκεν
730 2549 894 2607 ἀνδρῶν
926 2548 1108 2607 ὀβριμων
1140 2549 1421 2606 κομπάσματα,

495 2609 605 2659 πόλις
631 2609 668 2652 δ’
702 2610 745 2652 ἐν
777 2608 897 2668 εὐδίᾳ
929 2625 971 2652 τε
1002 2610 1068 2652 καὶ
1097 2608 1319 2652 κλυδωνίου

495 2670 673 2712 πολλαῖσι
705 2670 871 2729 πληγαῖς
898 2669 1038 2712 ἄντλον
1070 2669 1143 2712 οὐκ
1172 2668 1352 2717 ἐδέξατο.

494 2729 622 2785 στέγει
652 2730 700 2772 δὲ
733 2730 883 2788 πύργος
910 2731 976 2773 καὶ
996 2730 1135 2780 ’πύλας
1162 2729 1401 2787 φερεγγύοις

494 2789 796 2848 ἐφραξάμεσθα
822 2792 1086 2849 μονομάχοισι
1118 2791 1367 2847 προστάταις.

493 2851 627 2901 καλῶς
655 2849 779 2911 δ’ἕχει
811 2851 858 2894 τὰ
891 2851 1035 2894 πλεῖστ’
1067 2851 1111 2893 ἐν
1142 2849 1192 2898 ἓξ
1217 2850 1446 2908 πυλώμασιν
