2003 3216
833 96 1129 144 428-

309 230 489 274 Accedit
519 230 607 273 alia
636 243 766 272 causa
797 244 884 286 qua
913 230 1019 273 mihi
1051 230 1228 286 quidem
1253 244 1407 274 scenae
1443 231 1563 286 origo
1585 230 1773 288 Aeschy-

189 290 260 333 lea
298 291 579 335 vehementer
615 291 661 333 in
699 290 880 334 dubium
914 292 1061 335 vocari
1090 290 1276 335 videtur.
1338 289 1538 348 Namque
1569 291 1773 347 quoniam

186 353 286 406 post
317 367 357 394 v.
382 352 468 395 988
501 354 546 395 et
577 350 690 394 duae
721 364 888 395 sorores
917 351 964 394 in
993 365 1123 396 scena
1152 354 1381 396 remanent
1411 354 1457 395 et
1485 365 1642 408 praeco
1672 365 1773 409 pro-

189 411 316 463 cedit,
349 415 495 466 partes
525 414 664 466 agunt
692 411 775 455 hac
803 412 850 454 in
881 426 1010 455 scena
1039 416 1130 455 tres
1161 416 1341 456 actores.
1389 412 1473 464 Qui
1491 426 1774 468 personarum

188 485 394 515 numerus
424 471 496 515 vix
528 470 716 515 debetur
746 471 974 529 Aeschylo.
1037 471 1211 516 Etenim
1245 471 1451 529 quoniam
1483 486 1507 516 e
1538 471 1775 516 didascalia

187 532 367 573 inventa
411 535 581 573 constat
632 532 752 586 Sept.
784 532 979 574 fabulam
1026 532 1198 575 doctam
1230 547 1326 576 esse
1357 546 1397 575 a.
1420 547 1458 575 a.
1482 532 1582 575 Chr.
1605 547 1648 576 n.
1670 533 1771 584 467,

187 604 274 633 non
307 589 513 633 credibile
544 588 721 634 videtur
750 591 797 634 in
829 605 881 635 ea
910 590 1041 635 fuisse
1072 595 1162 635 tres
1193 594 1375 636 actores.
1437 590 1549 635 Nam
1582 591 1774 648 quinque

187 653 360 693 tantum
406 651 530 693 annis
560 650 711 694 -dist-at
757 651 868 694 illud
914 655 1086 707 tempus
1124 652 1180 695 ab
1212 667 1264 696 eo
1310 656 1506 708 tempore
1538 666 1625 707 quo
1654 651 1772 695 Pers.

186 709 348 762 sabula,
383 724 437 753 ex
476 709 680 768 Aeschyli
710 710 947 766 tragoediis
987 715 1200 767 quantum
1246 712 1431 755 sciamus
1461 712 1777 770 antiquissima,

187 770 232 811 in
263 784 438 813 scenam
469 774 535 813 est
565 772 799 826 producta;
832 770 1047 814 Orestiam
1079 775 1226 814 autem
1257 770 1490 826 trilogiam,
1532 774 1774 814 extremum

186 833 345 886 poetae
392 845 512 887 opus,
562 829 713 875 decem
744 831 836 875 fere
868 831 994 875 annis
1025 835 1123 887 post
1154 834 1346 876 nostram
1377 830 1569 875 fabulam
1602 830 1774 875 doctam

187 905 283 934 esse
316 895 500 934 constat.
564 890 709 948 Atque
748 892 904 935 ceteris
943 893 988 934 in
1019 892 1180 935 fabulis
1211 892 1313 935 inde
1345 907 1372 934 a
1402 892 1543 948 prima
1573 892 1653 934 illa
1682 895 1774 934 tra-

187 951 345 1006 goedia
376 951 462 994 duo
493 954 667 994 tantum
699 956 868 995 actores
899 953 945 995 in
978 966 1108 995 scena
1139 953 1273 995 verba
1302 952 1446 996 facere
1479 952 1637 995 solent:
1685 952 1774 1007 pri-

186 1026 306 1053 mum
352 1011 398 1053 in
447 1010 622 1054 Orestia
668 1016 771 1055 sunt
816 1016 907 1056 tres
947 1016 1137 1065 actoreS,
1185 1012 1317 1056 tertio
1364 1016 1512 1056 tamen
1557 1026 1777 1068 perpauca

185 1074 359 1113 tantum
405 1072 540 1114 verba
585 1075 718 1126 poeta
763 1072 932 1114 tribuit.
994 1072 1053 1114 Et
1099 1086 1366 1127 quamquam
1407 1072 1547 1127 quivis
1579 1071 1777 1115 concedit

186 1131 414 1186 aptissima
434 1131 480 1174 in
502 1131 726 1176 occasione
747 1132 928 1175 tertium
951 1131 1112 1188 Coeph.
1135 1131 1310 1176 fabulae
1335 1134 1539 1185 actorem,
1574 1131 1669 1175 dico
1690 1131 1775 1189 Py-

185 1189 345 1243 ladem,
380 1192 523 1235 verbis
554 1193 621 1234 uti
652 1189 740 1249 (vv.
765 1190 1036 1249 893—895),
1076 1196 1225 1235 tamen
1267 1207 1319 1235 ea
1358 1192 1452 1247 ipsa
1494 1206 1547 1235 ex
1578 1207 1625 1235 re
1658 1191 1776 1248 quod

185 1255 317 1307 poeta
354 1266 466 1305 eum,
500 1250 602 1296 inde
634 1266 661 1295 a
691 1252 944 1308 tragoediae
975 1252 1101 1296 initio
1135 1252 1299 1296 Orestis
1330 1251 1634 1309 pedisequum,
1667 1251 1775 1295 nihil

184 1309 288 1353 fecit
335 1312 550 1355 dicentem
599 1313 683 1353 nisi
730 1316 820 1354 tres
868 1313 968 1355 illos
999 1313 1234 1355 versiculos
1266 1313 1440 1355 videtur
1470 1327 1566 1355 esse
1599 1313 1771 1355 conclu-

186 1371 375 1415 dendum
426 1387 513 1416 non
560 1371 698 1415 multo
745 1376 848 1416 ante
886 1371 1007 1415 illam
1054 1371 1274 1428 trilogiam
1307 1371 1544 1416 docendam
1577 1369 1717 1428 poetis
1747 1386 1774 1414 a

185 1431 409 1486 republica
440 1445 667 1475 concessos
701 1446 796 1475 esse
828 1436 919 1475 tres
951 1435 1134 1490 actores„
1153 1447 1260 1487 quos
1288 1433 1494 1475 docerent
1528 1431 1773 1475 fabularum

184 1495 347 1547 partes.
411 1492 568 1549 Itaque
598 1492 644 1535 in
676 1491 877 1550 Aeschyli
909 1492 1027 1548 Sept.
1060 1491 1220 1545 fabula,
1256 1506 1368 1549 quae
1401 1495 1468 1536 est
1500 1506 1553 1535 ex
1592 1506 1773 1536 numero

185 1552 513 1607 tragoediarum
544 1553 854 1608 antiquiorum,
888 1557 980 1596 tres
1011 1557 1179 1596 actores
1204 1553 1421 1596 exstitisse
1444 1552 1647 1608 equidem
1669 1552 1774 1595 mihi

183 1612 450 1668 persuadere
482 1627 570 1656 non
600 1627 789 1669 possum.

304 1672 405 1715 Jam
436 1677 486 1715 ut
518 1673 648 1715 aliam
682 1674 737 1716 ad
759 1687 936 1717 causam
957 1677 1245 1725 transeamus,
1279 1673 1452 1716 fabulae
1490 1674 1633 1716 exitus
1665 1687 1773 1728 qua-

184 1732 270 1776 lem
304 1733 515 1777 habemus
547 1733 758 1777 traditum
790 1733 994 1791 Aeschyli
1025 1736 1120 1776 arte
1153 1737 1285 1789 atque
1328 1733 1503 1789 ingenio
1523 1733 1596 1776 vix
1617 1731 1774 1789 dignus

184 1792 373 1836 videtur.
437 1793 613 1836 Etenim
661 1794 737 1848 qui
769 1794 948 1849 quidem
991 1798 1158 1836 ceteras
1202 1793 1374 1836 fabulas
1420 1794 1662 1848 respexerit
1707 1793 1773 1835 in-

184 1852 357 1908 telliget
388 1867 518 1909 quam
552 1853 698 1896 miseri
728 1853 815 1896 sint
846 1853 1074 1909 anapaesti
1105 1856 1150 1896 et
1180 1853 1212 1896 ii
1244 1853 1400 1909 quibus
1431 1852 1550 1897 chori
1577 1852 1667 1895 dux
1686 1853 1773 1896 uti-

183 1914 258 1956 tur
289 1912 538 1957 deliberans
577 1917 727 1957 utrum
764 1928 854 1957 una
885 1928 983 1957 cum
1015 1913 1106 1957 suis
1144 1917 1434 1970 prosequatur
1464 1913 1686 1957 Eteoclem
1717 1927 1773 1956 an

214 1974 327 2017 otius
359 1974 610 2031 Polynicem
643 1978 688 2018 et
719 1975 750 2017 ii
782 1989 892 2030 quos
923 1975 1110 2018 recitant
1140 1974 1407 2018 hemichoria
1436 1977 1515 2017 aut
1540 1974 1666 2017 illum
1696 1977 1774 2017 aut

183 1988 299 2077 hunc
330 2035 656 2091 prosequentia.
723 2034 845 2078 Solet
876 2035 992 2078 enim
1023 2034 1262 2092 Aeschylus
1295 2034 1530 2090 tragoediis
1560 2034 1772 2091 subjicere

184 2095 328 2138 exitus
360 2110 448 2139 non
482 2095 610 2139 modo
642 2109 739 2139 cum
771 2095 826 2139 iis
858 2099 977 2139 arcte
1010 2095 1291 2139 cohaerentes
1321 2094 1398 2138 sed
1435 2094 1569 2139 etiam
1590 2098 1687 2138 tota
1705 2094 1772 2137 in—

183 2155 281 2198 dole
328 2155 594 2211 splendidos.
660 2155 731 2198 Sic
761 2156 807 2198 in
854 2155 997 2198 Prom.
1031 2155 1206 2198 fabulae
1239 2155 1360 2199 exitu
1390 2154 1595 2198 Mercurii
1630 2153 1772 2198 Jovis-

184 2229 268 2270 que
285 2216 408 2272 jussu
430 2215 605 2258 irruunt
626 2219 914 2271 tempestates
934 2215 1232 2259 vehementes:
1267 2215 1423 2271 quibus
1444 2214 1773 2279 tempestatibus

184 2289 281 2317 cum
315 2276 461 2318 omnia
492 2276 768 2327 misceantur,
802 2275 1099 2330 Prometheus,
1134 2275 1238 2318 dum
1269 2278 1474 2330 precatur
1504 2289 1532 2317 a
1562 2270 1702 2318 matre
1723 2278 1774 2318 ut

184 2349 280 2379 sese
327 2334 493 2393 injusta
537 2336 783 2392 patientem
822 2335 1017 2392 aspiciat,
1050 2335 1097 2379 in
1129 2334 1289 2378 Orcum
1321 2334 1448 2392 dejici
1480 2338 1548 2379 est
1578 2334 1772 2391 cogitan—

182 2396 284 2447 dus3
318 2396 559 2441 Oceanides
592 2400 754 2449 autem,
788 2396 1004 2442 Mercurio
1026 2396 1319 2450 dissuadente,
1352 2410 1447 2440 sese
1468 2410 1558 2440 una
1578 2411 1676 2440 cum
1696 2396 1773 2441 illo

180 2456 437 2500 interituras
477 2470 573 2500 esse
610 2457 885 2514 profitentur.
951 2456 1101 2512 Suppl.
1129 2470 1270 2526 porro
1301 2430 1456 2500 i'abula
1496 2457 1559 2499 sic
1596 2456 1687 2499 exit
1723 2460 1774 2499 ut

181 2517 403 2561 Danaides
440 2518 630 2574 virgines
662 2532 751 2561 una
782 2532 878 2561 cum
911 2516 1081 2561 ancillis
1114 2517 1205 2561 suis
1238 2521 1283 2561 et
1312 2521 1439 2574 patre
1477 2516 1659 2574 ejusque
1695 2531 1772 2573 pe-

181 2577 374 2633 disequis
405 2576 512 2635 (vid.
534 2594 574 2621 v.
600 2579 687 2621 986
720 2578 842 2621 verbi
872 2577 1058 2621 formam
1090 2576 1393 2633 masculinam)
1424 2578 1472 2620 in
1497 2578 1650 2620 urbem
1671 2592 1772 2632 pro-

180 2638 375 2681 fecturae
425 2638 615 2694 primum
663 2638 857 2681 salutent
902 2652 1059 2681 novam
1107 2639 1315 2693 patriam3
1370 2637 1530 2681 deinde
1568 2637 1772 2681 brevibus

181 2698 412 2741 sententiis
444 2702 623 2741 utentes
655 2699 856 2750 rixantur
886 2698 1022 2754 ipsae,
1063 2698 1224 2754 quippe
1263 2712 1376 2753 quae
1407 2697 1454 2741 id
1485 2712 1621 2741 unum
1651 2712 1772 2753 spec-

181 2762 278 2802 tent
324 2762 375 2801 ut
414 2758 705 2815 deprecentur
742 2758 918 2815 nuptias
950 2757 1217 2815 perniciosas
1249 2758 1331 2802 sibi
1363 2758 1418 2802 ab
1449 2757 1639 2816 Aegypti
1668 2757 1771 2801 filiis

181 2819 470 2872 imminentes,
504 2834 603 2863 cum
634 2819 811 2863 famulis
843 2820 1099 2863 timentibus
1131 2833 1187 2863 ne
1217 2819 1448 2863 vincantur
1479 2832 1556 2863 eae
1588 2819 1644 2863 ab
1664 2817 1771 2863 ado-

181 2880 465 2924 lescentibus:
502 2880 577 2937 qui
609 2880 727 2937 quod
758 2880 876 2923 nacti
897 2880 984 2923 sint
1004 2880 1328 2936 navigationem
1350 2879 1599 2932 secundam,
1632 2878 1772 2923 videri
