2003 3216
828 72 1125 131 ,27-

188 221 343 277 lyricis,
374 219 445 263 hic
475 219 779 275 anapaesticis3
809 221 905 260 tum
935 217 1197 273 Antigonam
1228 221 1274 261 et
1294 218 1522 271 Ismenam‚
1555 233 1668 274 quae
1688 219 1766 261 ad—

189 282 291 323 sunt
320 279 366 321 in
396 292 525 321 scena
553 277 657 321 inde
687 291 715 320 a
744 292 784 320 v.
809 277 916 330 840,
948 278 1091 327 verbis
1120 278 1337 321 abstinere
1368 278 1441 320 vix
1470 277 1646 321 videtur
1675 292 1766 321 cre-

190 338 380 382 dibibile.
443 337 563 389 Quae
594 351 691 380 cum
720 337 785 379 ita
813 337 912 389 sint,
945 352 1033 380 non
1064 337 1216 381 dubito
1245 337 1431 393 probare
1460 337 1640 393 Bergkii
1669 352 1766 380 sen-

189 398 384 449 tentiam,
434 397 510 451 qui
555 410 653 438 cum
694 396 741 438 in
778 394 931 439 Philol.
963 396 1047 440 vol.
1068 396 1167 439 XII.
1198 410 1241 452 p.
1265 397 1353 440 578
1390 396 1565 440 fabulae
1602 397 1768 440 exitum

189 472 276 500 non
306 455 590 513 Aeschyleum
622 470 713 499 esse
734 456 1025 513 profiteretur,
1058 456 1119 499 sic
1139 456 1486 499 distribuendum
1504 457 1639 499 suasit
1658 456 1768 499 illud

191 516 404 560 canticum
440 519 490 559 ut
510 529 678 559 sorores
698 519 874 558 cantum
894 515 1121 560 funebrem
1140 517 1374 572 praeirent,
1412 516 1600 573 virgines
1620 519 1768 560 autem

188 577 477 620 succinerent:
525 575 587 619 sic
631 575 865 631 respondet
901 576 1144 633 Antigonae
1190 575 1334 621 verbis
1379 576 1567 630 Ismena,
1615 577 1768 621 chorus

188 640 335 680 autem
365 636 447 679 sibi
475 636 580 692 ipse.
644 634 847 680 Ceterum
876 636 958 681 hac
988 652 1041 681 ex
1072 638 1240 682 ratione
1271 637 1444 690 chorus,
1492 641 1542 681 ut
1570 638 1635 691 fit,
1667 652 1767 694 pro-

192 697 389 752 greditur
419 696 475 739 ab
505 697 749 751 anapaestis
779 697 837 740 ad
866 702 1008 741 metra
1036 698 1184 755 lyrica.
1245 698 1345 741 Jam
1381 670 1603 742 videamus
1641 698 1767 754 quid-

191 771 291 799 nam
323 757 521 812 virgines,
556 771 667 812 quae
698 772 785 800 non
815 758 956 801 minus
984 773 1115 815 quam
1135 758 1311 801 nuntius
1331 757 1405 801 ille
1426 759 1583 802 civium
1603 759 1768 801 animos

192 817 384 872 cognitos
414 816 575 860 habere
607 816 779 870 debent,
812 818 1002 861 sentiant
1032 818 1086 862 de
1117 818 1320 875 Poly-nice
1341 818 1604 888 sepeliendo.
1644 819 1768 861 Post-

194 891 325 932 quam
369 877 504 931 igitur
549 876 768 932 Antigona
813 881 879 921 est
923 878 1116 934 professa
1150 878 1308 922 fratres
1335 879 1427 935 jam
1456 878 1563 922 nihil
1593 893 1768 922 manere

192 936 273 978 nisi
299 935 667 993 »σιδηρυπλήκτους
686 936 827 992 τάφων
849 935 1054 994 πατρῴων
1090 937 1244 996 λαχίςα
1270 936 1357 995 (vv.
1374 939 1644 991 889-891)‚
1667 939 1769 981 illae

191 996 456 1052 respondent
485 1011 578 1040 sese
608 1011 704 1040 cum
743 996 863 1041 luctu
893 998 989 1041 imis
1021 1013 1074 1042 ex
1105 998 1349 1054 pectoribus
1378 1013 1480 1042 vere
1513 998 1631 1042 edito
1662 998 1771 1042 duos

192 1056 350 1099 fratres
380 1056 650 1112 sepeliendos
672 1072 763 1101 esse
784 1062 1097 1113 prosecuturas.
1145 1058 1256 1101 Nam
1278 1073 1389 1115 quae
1409 1059 1541 1102 sunt
1529 1073 1576 1101 ιιι
1596 1074 1663 1102 vv.
1683 1060 1768 1102 892

194 1118 339 1161 —996
371 1120 604 1160 cantantur
633 1117 725 1161 sine
757 1117 887 1162 dubio
918 1133 946 1162 a
976 1118 1136 1163 chorox-
1165 1119 1325 1163 etenim
1355 1119 1437 1163 hac
1467 1119 1770 1163 distributione

193 1178 356 1233 rejecta
386 1193 474 1221 non
503 1182 682 1233 possunt
710 1178 896 1234 intelligi
927 1194 1039 1235 quae
1069 1180 1267 1234 proxima
1295 1181 1635 1235 subsequuntur,
1674 1180 1770 1223 dico

192 1237 325 1280 verba
375 1235 562 1293 »ἐτύμως
594 1235 837 1295 δακρυχέων
882 1237 929 1279 ἐκ
974 1237 1142 1295 φρενός,
1180 1237 1208 1279 ἃ
1238 1237 1480 1295 κλαιομένας
1499 1252 1585 1294 μου
1610 1237 1772 1295 μινύθει

161 1297 170 1304 “
195 1295 324 1337 τοῖνδε
370 1296 480 1346 δυοῖν
526 1296 757 1338 dudm-ow«.
819 1297 877 1340 Et
912 1299 989 1341 ubi
1019 1299 1191 1342 Ismena
1226 1298 1384 1342 fratres
1415 1303 1461 1342 et
1490 1299 1654 1342 civibus
1683 1299 1771 1342 suis

194 1361 238 1400 et
272 1356 475 1400 'hostibus
520 1357 659 1400 multa
689 1358 806 1401 mala
841 1358 1035 1402 intulisse
1068 1359 1190 1412 dixit,
1227 1360 1461 1416 subjiciunt
1490 1363 1676 1403 matrem
1705 1360 1771 1402 in-

192 1417 362 1460 felicem
406 1431 529 1460 suum
578 1417 711 1473 ipsius
755 1417 893 1461 filium
924 1419 1006 1462 sibi
1036 1420 1241 1463 maritum
1272 1420 1500 1475 sumpmsse
1532 1423 1664 1475 atque
1694 1434 1771 1475 pe-

192 1478 352 1533 perisse
396 1476 493 1521 illos
537 1477 703 1532 fratres,
751 1478 813 1522 sic
856 1482 907 1522 ut
952 1478 1084 1523 caede
1120 1483 1275 1523 mutua
1310 1480 1489 1524 interire
1520 1479 1769 1524 debuerint:

193 1552 294 1580 nam
340 1537 409 1580 hic
453 1539 767 1595 sententiarum
812 1553 1029 1582 connexus
1076 1544 1141 1583 est
1185 1541 1442 1584 statuendus
1477 1544 1657 1596 propter
1687 1538 1773 1580 ὧδε

192 1612 431 1654 pronomen
470 1598 587 1654 quod
617 1598 779 1655 legitur
808 1598 855 1642 in
886 1616 928 1644 v.
950 1600 1051 1644 908.
1115 1599 1186 1644 Sic
1214 1600 1369 1645 iisdem
1398 1600 1632 1645 honoribus
1672 1615 1772 1657 pro-

195 1662 439 1713 sequuntur
475 1658 723 1715 Polynicem
763 1664 808 1703 et
837 1660 1058 1704 Eteoclem
1097 1676 1333 1717 eorumque
1365 1661 1536 1716 culpam
1567 1665 1774 1704 excusant

194 1718 362 1761 nefasta
408 1718 586 1774 origine.
648 1719 783 1774 Porro
819 1734 962 1776 neque
993 1720 1214 1790 Antigona
1248 1731 1391 1778 neque
1429 1721 1601 1765 Ismena
1635 1721 1772 1777 suspi-

196 1782 350 1822 cantur
386 1778 516 1822 funus
553 1770 760 1835 negatum
805 1781 860 1823 iri
904 1780 1115 1837 Polynici:
1164 1782 1295 1826 immo
1326 1786 1561 1837 utrumque
1592 1781 1774 1825 fratrem

194 1839 412 1894 sepultum
458 1839 512 1881 iri
550 1843 739 1908 sperant
792 1840 967 1884 Etenim
997 1840 1074 1883 illa
1103 1841 1287 1885 fratibus
1313 1842 1405 1898 jam
1436 1841 1673 1897 quidquam
1705 1841 1773 1883 fu-

194 1902 343 1942 turum
374 1913 464 1943 esse
496 1903 660 1957 negat
658 1899 740 1943 nisi
770 1900 1010 1956 sepulcra
991 1916 1057 1944 ιιι
1074 1904 1193 1946 terra
1221 1902 1366 1958 patria
1388 1899 1546 1959 (τάφων
1569 1897 1774 1958 πατρῴων

199 1958 363 2015 λαχάῲς
394 1959 567 2002 Ismena
597 1964 744 2002 autem
765 1961 811 2002 in
832 1976 898 2003 vv.
917 1962 1002 2003 922
1020 1976 1113 2016 sqq.
1135 1961 1245 2005 haec
1263 1961 1447 2017 profert:
1485 1961 1673 2004 »habent
1692 1962 1773 2003 mi-

194 2018 369 2063 serandi
415 2022 576 2063 sortem
621 2020 774 2074 sortiti,
815 2019 984 2065 dolores
1020 2034 1048 2064 a
1079 2020 1159 2065 diis
1192 2021 1337 2074 datos;
1382 2022 1461 2065 sub
1493 2020 1774 2066 cadaveribus

196 2082 343 2121 autem
383 2080 467 2121 erit
504 2083 647 2122 terrae
684 2081 896 2123 immensa
937 2081 1209 2135 profunditas
1255 2086 1387 2137 atque
1426 2082 1574 2136 copia«
1582 2114 1591 2123 .
1654 2082 1774 2132 Quae

195 2138 329 2182 verba
373 2152 461 2183 non
506 2138 610 2183 satis
654 2139 961 2197 intelliguntur
996 2141 1079 2185 nisi
1117 2155 1170 2186 ex
1201 2141 1378 2187 Heathii
1413 2140 1774 2198 interpretatione

195 2200 310 2243 hunc
340 2201 655 2244 sententiarum
686 2216 927 2245 connexum
962 2206 1201 2249 statuemus
1235 2203 1458 2247 «Eteocles
1485 2207 1530 2246 et
1550 2203 1774 2259 Polynices

195 2260 323 2303 ambo
352 2261 689 2304 'contenderunt
727 2261 782 2305 de
819 2265 939 2305 terra
967 2262 1172 2306 ssebana
1203 2267 1249 2306 et
1278 2267 1464 2319 uterque
1495 2262 1610 2306 solus
1640 2263 1774 2306 totius

194 2324 339 2363 terrae
387 2320 585 2364 dominus
633 2337 724 2365 esse
760 2322 917 2365 voluit:
966 2326 1162 2366 mortuus
1193 2327 1352 2376 autem,
1387 2328 1599 2391 quantum
1629 2326 1774 2366 terrae

197 2380 401 2435 spatium·
434 2381 517 2423 erit
562 2381 641 2425 sub
688 2381 899 2426 cadavere
936 2383 1117 2437 sepulto,
1151 2382 1198 2426 id
1226 2384 1308 2426 sibi
1340 2383 1523 2438 quisque
1554 2382 1774 2426 vindicare

194 2439 357 2483 scilicet
373 2441 591 2509 poterit».
654 2440 894 2485 Avaritiam
931 2442 1066 2497 igitur
1096 2442 1217 2486 illam
1247 2457 1401 2487 revera
1432 2443 1651 2499 expletam
1683 2457 1774 2486 esse

195 2504 327 2555 poeta
369 2500 531 2544 ironice
578 2501 820 2557 significare
865 2502 1051 2545 voluisse
1088 2502 1280 2546 videtur·
1327 2503 1435 2546 haec
1466 2503 1681 2546 enuntiati
1711 2503 1774 2545 vis

195 2573 369 2615 prorsus
399 2559 628 2616 frangitur,
662 2561 743 2604 nisi
772 2561 989 2605 Ismenam
1020 2562 1076 2605 de
1106 2566 1226 2606 terra
1239 2562 1444 2606 Thebana
1464 2563 1656 2618 cogitare
1686 2566 1774 2605 sta-

196 2623 380 2663 tuemus.
442 2620 509 2664 Ex
539 2621 592 2664 iis
623 2635 735 2677 quae
767 2621 896 2665 modo
928 2623 1107 2678 exposui
1138 2627 1183 2666 et
1214 2623 1269 2667 de
1300 2624 1454 2667 nuntio
1487 2627 1532 2666 et
1562 2622 1616 2666 de
1656 2622 1774 2666 chori
1861 2617 1865 2620 Δ

196 2679 435 2736 virginibus
466 2684 511 2725 et
542 2681 597 2726 de
628 2682 845 2726 sororibus
874 2682 979 2726 satis
1008 2697 1225 2741 superque
1254 2687 1440 2740 apparet
1466 2682 1648 2727 voluisse
1669 2697 1772 2739 poe-

195 2743 287 2785 tam
333 2740 461 2799 hujus
508 2742 684 2798 quidem
730 2742 982 2799 tragoediae
1012 2744 1149 2799 partis
1178 2744 1351 2800 sepeliri
1381 2745 1437 2788 ab
1468 2744 1675 2787 ambabus
1705 2758 1772 2787 so-

195 2801 365 2844 roribus
394 2801 441 2845 in
472 2806 591 2846 terra
620 2802 825 2846 Thebana
863 2807 909 2847 et
944 2803 1166 2848 Eteoclem
1204 2808 1249 2848 et
1284 2804 1551 2861 Polynicem:
1599 2816 1773 2858 prorsus

176 2860 330 2917 ‚igitur
359 2865 577 2920 repugnat
606 2877 735 2908 scena
766 2866 962 2909 extrema
990 2864 1146 2922 prioris
1175 2863 1350 2911 fabulae
1380 2864 1516 2924 partis
1547 2863 1736 2913 consilio.
