2003 3216
836 51 1132 133 431.-

196 228 352 282 agunt;
396 227 490 267 tum
527 224 622 280 ipse
659 222 802 265 exitus
825 221 872 277 ,si
902 220 1223 277 comparabitur
1259 219 1417 262 ceteris
1454 233 1551 262 cum
1598 217 1770 270 fabulis,

194 285 314 329 illius
337 277 514 340 ⁴poetae
559 283 735 337 ingenio
780 285 914 336 atque
945 284 1048 336 arte.
1077 280 1150 323 vix
1179 279 1355 323 videtur
1401 278 1572 334 dignus.
1652 278 1773 321 Haec

196 344 341 387 omnia
370 343 432 385 sic
452 342 558 385 mihi
588 344 791 384 constant
819 343 870 383 ut
901 339 1105 395 equidem
1135 339 1288 394 quovis
1309 339 1491 394 pignore
1512 337 1774 382 contendam

196 417 370 448 scenam
401 405 502 460 post
530 400 735 457 Aeschyli
764 403 965 457 tempora·
994 412 1090 442 esse
1122 397 1332 442 additam.

313 462 412 505 Huc
447 460 661 504 accedunt
705 474 776 502 res
823 472 987 515 paucae
1039 472 1152 513 quae
1198 459 1396 513 quamvis
1442 458 1563 501 leves
1594 471 1673 514 per
1711 471 1771 510 se,

194 526 341 566 tamen
372 520 570 578 adjectae
602 519 743 563 causis
773 518 861 562 illis
893 518 1159 574 gravissimis
1179 531 1325 561 meum
1351 516 1565 575 judicium
1594 517 1772 560 firmare

194 582 439 628 videantur.
490 580 761 635 Quamquam
792 579 928 634 igitur
955 583 999 622 et
1027 579 1121 635 ipse
1143 577 1383 635 Aeschylus
1415 577 1534 633 quod
1561 577 1773 634 exemplis

193 644 340 699 potest
360 639 663 691 demonstrari,
687 639 748 683 sic
769 639 913 697 potuit
931 643 1140 697 personas
1160 637 1414 696 producere,
1437 641 1487 681 ut
1506 637 1773 682 adventuras

194 706 326 744 antea
368 715 457 743 non
503 700 785 755 significaret,
833 703 981 743 tamen
1026 698 1288 742 offendimur
1329 698 1447 754 quod
1484 699 1565 742 hoc
1596 698 1774 753 quidem

193 762 286 804 loco
333 761 394 804 sic
432 759 631 817 procedit
676 773 857 816 praeco,
904 759 1162 816 praesertim
1209 773 1307 802 cum
1352 762 1533 815 propter
1576 759 1775 814 proxima

195 835 392 873 sororum
412 820 546 864 verba
567 834 745 876 prorsus
761 834 848 862 non
865 823 1143 876 exspectetur
1162 818 1294 862 ullius
1315 833 1526 875 personae
1543 818 1771 862 adventus.

194 880 329 923 Porro
361 876 563 935 equidem
591 878 697 922 mihi
728 879 878 923 videor
908 879 995 922 duo
1025 879 1242 922 invenisse
1270 879 1455 934 vestigia
1485 892 1598 935 quae
1626 881 1772 920 osten-

195 941 306 983 dunt
337 953 492 983 scenae
524 938 640 982 illius
672 940 839 983 auctori
860 943 1040 996 propter
1069 939 1206 996 ipsius
1226 938 1428 996 Aeschyli
1458 953 1633 982 carmen
1664 939 1772 981 satis

194 1003 337 1043 arctos
368 1000 478 1042 fines
523 998 657 1043 fuisse
704 1000 1049 1055 circumscriptos
1101 1000 1147 1041 in
1186 999 1343 1054 quibus
1384 1013 1511 1041 suum
1550 999 1772 1053 ingenium

194 1063 343 1118 posset
374 1072 590 1109 exercere.
654 1058 828 1103 Etenim
859 1059 1044 1116 primum
1076 1072 1232 1116 praeco
1264 1073 1350 1102 non
1382 1059 1638 1116 pronuntiat
1668 1073 1772 1115 sup-

193 1120 369 1177 plicium
419 1119 535 1175 quod
566 1120 603 1162 is
634 1119 805 1162 laturus
836 1120 912 1171 sit,
961 1120 998 1162 si
1028 1120 1127 1176 quis
1166 1120 1476 1175 contempserit
1522 1123 1773 1164 senatorum

194 1181 397 1224 vetitum:
439 1179 580 1223 altera
611 1194 664 1223 ex
694 1183 819 1237 parte
851 1178 1146 1223 demonstravi
1177 1182 1222 1222 et
1257 1179 1401 1236 ipsum
1437 1192 1696 1235 praeconem
1727 1182 1774 1224 et

193 1240 457 1295 Antigonam
503 1244 547 1283 et
591 1240 768 1283 chorum
806 1239 860 1283 de
908 1240 1029 1295 gravi
1076 1239 1265 1295 quodam
1310 1239 1519 1296 supplicio
1566 1240 1771 1294 cogitare.

173 1300 282 1343 ‘Suo
313 1300 448 1355 igitur
480 1300 578 1356 jure
611 1300 707 1355 quis
737 1304 921 1356 quaeret
951 1314 1028 1343 cur
1056 1303 1187 1357 poeta
1216 1299 1475 1356 supplicium
1505 1299 1615 1342 illud
1645 1313 1772 1355 prae-

194 1374 345 1403 conem
391 1363 541 1417 aperte
588 1360 861 1403 minitantem
898 1374 986 1403 non
1016 1359 1188 1404 fecerit:
1236 1359 1340 1402 mihi
1376 1359 1554 1417 quidem
1584 1373 1612 1402 a
1642 1362 1773 1416 poeta

194 1434 263 1463 res
297 1433 349 1463 ea
379 1420 434 1463 de
467 1415 595 1479 causa
621 1420 794 1464 videtur
825 1434 915 1463 esse
951 1421 1196 1463 intermissa
1227 1419 1344 1474 quod
1373 1421 1467 1477 ipse
1494 1420 1772 1476 persensisset

193 1494 283 1523 sese
317 1494 459 1536 poena
478 1480 555 1523 illa
575 1480 717 1523 verbis
748 1480 909 1536 apertis
940 1483 1277 1523 commemorata
1295 1484 1587 1536 spectatorum
1607 1480 1771 1522 animos

193 1543 244 1581 ut
273 1540 319 1581 in
351 1543 547 1582 extrema
579 1539 755 1594 quidem
785 1540 985 1594 trilogiae
1016 1539 1166 1582 fabula
1200 1539 1327 1581 nimis
1357 1553 1582 1595 suspensos
1611 1539 1770 1583 facere.

193 1598 345 1642 Altera
391 1598 571 1643 offensio
618 1602 684 1643 est
722 1612 775 1642 ea
805 1599 861 1650 ,in
907 1614 955 1642 re
1008 1598 1126 1655 quod
1170 1597 1341 1642 Ismena
1378 1613 1552 1656 prorsus
1582 1599 1772 1644 abstinet

196 1660 349 1703 verbis.
413 1659 610 1715 Namque
642 1660 847 1715 quoniam
883 1660 1062 1703 dubium
1093 1674 1184 1702 esse
1215 1674 1302 1702 non
1333 1663 1478 1716 potest
1507 1660 1612 1715 quin
1642 1663 1773 1716 poeta

195 1719 379 1763 alteram
424 1731 614 1764 sororem
657 1719 936 1778 sepelientem
966 1719 1120 1763 fecerit
1150 1719 1337 1763 alterum
1381 1719 1576 1772 fratrem,
1624 1724 1771 1763 nostro

191 1782 288 1837 jure
321 1785 617 1837 exspectamus
662 1781 782 1824 illam
829 1796 919 1825 esse
966 1780 1255 1838 professuram
1284 1796 1362 1824 cur
1402 1781 1526 1824 malit
1567 1783 1771 1838 prosequi

194 1841 435 1892 Eteoclem;
482 1841 559 1884 sed
605 1841 687 1884 hac
723 1841 777 1884 de
820 1856 868 1884 re
915 1841 1025 1884 adeo
1072 1844 1219 1885 servat
1263 1841 1483 1884 silentium
1536 1845 1587 1884 ut
1628 1845 1674 1885 et
1716 1856 1771 1886 ex

193 1900 436 1956 Antigonae
483 1901 642 1953 verbis,
690 1916 788 1944 cum
819 1901 935 1945 dicat
970 1916 1062 1945 sese
1100 1901 1183 1944 nisi
1228 1900 1338 1944 alius
1378 1901 1435 1944 sit
1472 1902 1768 1955 comitaturus,

193 1974 326 2003 unam
347 1960 544 2017 Polynici
565 1962 792 2017 exsequias
813 1975 903 2004 esse
924 1960 1137 2004 facturam
1170 1961 1257 2016 (vv,
1283 1959 1613 2019 lom—1014),
1648 1965 1694 2004 et
1716 1976 1770 2004 ex

193 2020 312 2063 chori
344 2020 466 2065 ducis
503 2021 718 2073 oratione,
767 2036 864 2064 cum
903 2035 1003 2064 eum
1033 2021 1160 2064 unius
1196 2023 1369 2064 tantum
1415 2021 1572 2065 sororis
1603 2021 1769 2065 luctum

192 2081 381 2124 nancisci
426 2085 743 2132 commemoret,
792 2081 1085 2137 conjecturam
1115 2080 1259 2124 facere
1291 2081 1525 2124 debeamus
1554 2081 1770 2124 Ismenam

191 2139 469 2184 humaturam
500 2154 595 2184 esse
617 2139 851 2185 Eteoclem.
903 2140 1026 2184 Idem
1045 2140 1202 2185 suadet
1222 2141 1363 2192 altera
1382 2154 1483 2198 pars
1503 2139 1767 2198 Polynicem‚

192 2200 334 2243 altera
378 2200 602 2244 Eteoclem
653 2215 933 2258 prosequens.
1019 2200 1106 2250 Sed
1141 2215 1229 2244 vcur
1274 2205 1406 2257 poeta
1455 2201 1575 2244 illam
1626 2202 1768 2245 verbis

192 2261 408 2304 abstinere
436 2260 639 2305 maluerit
677 2262 905 2317 quaerenti
934 2261 1043 2305 haec
1073 2275 1207 2305 causa
1236 2261 1390 2319 opinor
1420 2261 1639 2305 videbitur
1667 2271 1769 2319 pro-‘-

190 2321 365 2364 babilis:
413 2322 503 2378 ipse
535 2325 686 2365 auctor
730 2322 872 2365 noluit
916 2321 1102 2378 prodere
1132 2336 1178 2365 se
1214 2322 1356 2379 ipsum
1396 2321 1501 2377 quid
1538 2323 1768 2379 subjecisse

192 2381 372 2424 carmini
404 2381 639 2438 Aeschyleo
665 2380 809 2439 'atque
845 2381 951 2425 fecit
986 2382 1124 2425 tribus
1155 2396 1208 2425 ex
1239 2382 1476 2434 actoribus,
1526 2396 1657 2438 quem
1686 2397 1769 2425 nu-

191 2455 359 2485 merum
389 2440 517 2499 huJus
547 2444 703 2497 poetae
734 2442 893 2485 rationi
924 2455 1168 2500 repugnare
1200 2455 1331 2498 supra
1361 2442 1465 2485 satis
1486 2443 1647 2495 notavi,
1681 2442 1767 2486 duo

190 2504 363 2545 tantum
393 2502 689 2559 colloquentes
719 2502 956 2547 secundum
977 2502 1178 2559 Aeschyli
1208 2498 1384 2556 morem,
1417 2503 1599 2546 tertium
1621 2507 1769 2546 autem

191 2561 413 2604 sitentium
443 2562 724 2606 obtinentem.
1322 2591 1326 2595 -

317 2622 486 2666 Deinde
531 2626 583 2665 ut
627 2636 767 2678 pauca
811 2623 1089 2680 subjiciamus
1135 2622 1190 2666 de
1237 2622 1409 2666 dicendi
1455 2637 1633 2678 genere,
1681 2638 1768 2666 non

192 2680 350 2723 desunt
379 2682 423 2723 in
463 2686 660 2725 extrema
703 2696 831 2725 scena
862 2696 974 2737 quae
1021 2696 1120 2725 cum
1164 2686 1259 2725 arte
1297 2683 1384 2725 sint
1429 2684 1685 2737 composita,
1717 2687 1768 2725 ut

190 2757 258 2784 vv.
279 2741 596 2793 1004-10093
619 2745 664 2786 et
678 2758 747 2786 vv.
768 2742 1076 2786 1026—1037.
1115 2741 1350 2786 Sedtamen
1376 2743 1451 2798 qui
1467 2742 1643 2798 quidem
1663 2756 1767 2786 sane

186 2800 356 2856 judicet
386 2815 474 2844 non
504 2802 683 2857 negabit
713 2802 802 2845 alia
830 2805 973 2858 pauca
1001 2801 1198 2858 profecta
1229 2816 1319 2845 esse
1348 2816 1375 2844 a
1395 2807 1526 2858 poeta
1555 2816 1642 2845 non
1662 2804 1766 2845 satis

190 2859 397 2920 perfecto.
475 2861 649 2906 Etenim
680 2866 731 2906 ut
761 2863 959 2906 omittam
990 2876 1081 2906 esse
1111 2862 1154 2906 in
1194 2876 1323 2908 scena
1367 2862 1578 2906 nonnulla
1619 2862 1766 2918 singu-
