2003 3216
837 115 1133 166 *2512

198 258 407 317 umquam
439 251 605 314 poterit
640 255 834 307 infitiari,
881 257 974 297 tam
1006 256 1126 296 arcte
1157 256 1208 296 ut
1236 266 1315 310 pro
1345 252 1463 295 illius
1493 251 1777 296 fundamento

199 321 257 363 sit
299 311 562 373 habendum.
623 314 825 372 Namque
852 313 1077 371 'primum‘
1096 314 1220 369 virgo
1255 312 1302 356 in
1333 325 1510 357 scenam
1541 312 1777 357 adveniens

199 379 396 424 ver-sibus
440 376 533 419 illis·
566 374 862 431 anapaesticis
900 377 1029 416 utens
1068 374 1243 431 quaerit
1272 384 1510 429 quamnam
1539 373 1586 415 in
1614 377 1780 416 terram

200 443 462 495 gentemque
504 435 693 486 venerit;
739 433 898 478 deinde
935 431 1195 478 Prometheo
1239 433 1399 477 misero
1445 432 1655 491 adspecto
1685 433 1779 490 ejus

199 500 378 542 nomen>
402 498 647 551 interrogat
691 507 958 550 causamque
1005 508 1259 550 poenarum.
1330 492 1438 538 Post
1472 493 1597 537 hanc·
1630 497 1776 550 tamen

199 556 587 613 interrogationem
615 554 732 598 redit
763 553 822 598 ad
853 567 908 598 ea
938 567 1053 611 quae
1085 558 1218 598 antea
1255 554 1491 612 quaesivit:
1537 554 1781 610 interrogat

202 619 317 662 enim
341 651 343 653 .
363 617 507 659 denuo
554 622 808 672 quamnam'
836 615 883 657 in
918 618 1085 658 terram
1114 616 1175 658 sit
1209 619 1387 670 vagata.
1447 614 1602 672 Neque
1631 619 1780 658 tamen

200 678 281 721 has
314 676 372 719 ad
401 675 768 731 interrogationes
799 677 1025 731 exspectat
1043 673 1370 731 respondenda:
1408 688 1600 732 namque
1620 682 1781 718 novum

200 736 354 779 incidit
398 737 444 777 in
489 734 681 778 furorem
720 739 852 791 atque
884 735 1090 791 opinatur
1118 735 1283 790 Argum
1312 734 1538 778 custodem
1567 748 1697 777 suum
1727 749 1781 777 ex

205 796 316 839 Orco
348 794 531 838 rediisse
564 795 619 838 ab
651 802 791 851 eoque
823 808 918 838 sese
951 794 1112 850 agitari
1141 798 1319 851 praeter
1347 795 1482 837 maris
1513 807 1613 838 oras
1651 807 1780 837 cursu

202 859 427 914 perpetuo.
490 854 693 899 Ceterum
737 869 825 898 non
871 855 963 898 sine
1009 859 1167 912 poetae
1206 855 1390 899 artificio
1421 868 1511 899 una
1540 851 1781 899 cum'novo

202 917 347 960 furore
392 916 605 973 incipiunt
649 917 751 960 novi
780 916 970 960 numeri:
1002 929 1193 972 namque
1223 915 1415 960 furorem
1444 916 1555 960 bene
1586 914 1783 960 referunt

202 990 354 1021 versus
385 976 560 1019 iambici
593 980 725 1034 atque
746 975 1012 1019 -dochmiaci.
1073 975 1243 1019 Deinde
1274 980 1324 1019 ut
1360 976 1693 1033 progrediamur
1723 975 1783 1019 ad

205 1051 410 1080 numeros
443 1035 790 1093 antistrophicos,
822 1036 945 1094 virgo
976 1037 1074 1093 ipsa
1103 1036 1308 1093 opinatur
1339 1050 1433 1080 sese
1456 1035 1609 1080 audire
1629 1035 1782 1080 modos

202 1098 336 1140 tibiae
373 1097 531 1152 quibus
561 1096 816 1139 >Mercurius
861 1096 1027 1151 Argum
1063 1096 1380 1139 custodientem
1416 1096 1627 1152 sopivisse
1674 1096 1781 1138 dici-

202 1160 286 1199 tur.
349 1155 430 1199 Est
460 1156 575 1199 enim
606 1155 814 1212 deceptus
844 1155 1011 1211 Freyus
1042 1169 1141 1199 cum
1171 1156 1216 1198 in
1249 1155 1532 1199 adnotatione
1562 1170 1605 1212 p.
1629 1156 1657 1199 9
1680 1156 1782 1199 sub·

204 1216 368 1271 scripta
399 1220 619 1259 statueret·
643 1232 711 1259 vv.
736 1216 970 1259 570-571
1004 1230 1092 1258 non
1124 1227 1226 1259 esse
1253 1215 1426 1259 additos
1457 1216 1542 1258 nisi
1571 1220 1622 1258 ut
1648 1215 1784 1259 totius

205 1275 260 1318 de
306 1275 417 1318 Jone
462 1275 601 1333 mythi
631 1275 841 1319 memoria
871 1279 1176 1319 renovaretur:
1215 1275 1358 1331 ipsam
1388 1275 1602 1331 virginem
1631 1274 1784 1319 modos

206 1335 456 1378 audientem
488 1340 565 1379 aut
596 1335 755 1379 debere
786 1335 991 1391 mitigari,
1031 1335 1149 1393 quo‘d
1180 1335 1359 1392 quidem
1388 1335 1484 1392 ipso
1514 1336 1561 1378 in
1592 1336 1784 1378 carmine

204 1409 288 1437 non
327 1395 465 1446 fieret,
516 1400 593 1439 aut
630 1396 837 1452 quoniam
874 1410 945 1439 res
975 1409 1066 1438 una
1096 1410 1194 1438 cum
1220 1396 1354 1438 ⁴rebus
1385 1395 1586 1439 terrificis
1617 1395 1784 1438 dicere—

203 1459 288 1506 tur,
321 1455 491 1507 terreri,
526 1455 645 1511 quod
676 1455 853 1512 quidem
882 1455 968 1512 ipsi
987 1454 1137 1512 mytho
1158 1460 1438 1511 repugnaret.
1492 1455 1549 1498 At
1568 1455 1617 1498 10
1638 1455 1786 1498 omnia

206 1528 319 1568 quae
351 1515 435 1557 sibi
467 1515 707 1558 acciderint
737 1515 954 1570 significat
984 1516 1046 1558 sic
1077 1520 1126 1558 ut
1152 1514 1300 1558 furore
1337 1519 1470 1570 capta
1511 1515 1784 1569 singularum

203 1588 350 1617 rerum
382 1575 469 1617 vim
501 1574 788 1632 effectumque
819 1589 907 1618 non
940 1574 1128 1632 amplius
1158 1579 1463 1632 persequatur,
1497 1574 1575 1618 sed
1607 1575 1663 1618 ab
1696 1574 1786 1618 alia

206 1649 252 1676 re
284 1633 546 1678 festinanter
578 1636 753 1678 aberret
785 1635 843 1677 ad
875 1634 1025 1679 aliam,
1086 1635 1157 1678 Sic
1194 1640 1293 1691 post
1322 1634 1420 1677 illos
1450 1648 1602 1678 versus
1634 1635 1785 1691 deplo-

205 1708 304 1737 rare
350 1694 495 1752 pergit
541 1709 644 1738 suas
690 1695 888 1738 miserias
921 1698 1054 1753 atque
1101 1699 1335 1752 postquam
1380 1694 1466 1752 ipsi
1496 1694 1595 1738 Jovi
1628 1695 1787 1752 objecit

206 1754 419 1809 quidnam
464 1757 683 1799 erroribus
728 1760 963 1799 vexaretur
1006 1756 1062 1798 ab
1109 1755 1348 1811 eodemque
1404 1760 1471 1798 est
1516 1759 1700 1811 precata
1736 1760 1787 1798 ut

205 1817 344 1857 morte
376 1828 472 1858 sese
502 1814 711 1858 liberaret
744 1829 770 1857 a
802 1814 1037 1867 doloribuS,
1070 1814 1152 1858 hoc
1181 1815 1425 1871 interrogat
1456 1813 1783 1858 Prometheum:

207 1872 339 1919 κλύεις
357 1873 526 1930 φθέγμα
549 1878 622 1920 τᾶς·
636 1874 827 1930 βούκερω
850 1873 1082 1931 παρθένους
1101 1875 1172 1918 hic
1194 1879 1342 1918 autem
1364 1880 1408 1918 et
1428 1890 1586 1919 nomen
1607 1876 1786 1930 virginis

206 1937 250 1976 et
282 1947 476 1977 errorum
507 1948 686 1978 causam
717 1934 868 1986 edicit3
901 1938 1034 1991 atque
1065 1935 1250 1977 miratur
1283 1948 1338 1978 ea
1367 1934 1484 1977 unde
1514 1934 1627 1977 talia
1658 1934 1785 1977 audi-

205 1995 316 2038 verit
360 1995 556 2052 petitque
604 1996 659 2039 ab
707 2010 757 2039 eo
803 1999 852 2039 ut
897 2010 1024 2039 suum
1062 1995 1181 2039 dicat
1218 2006 1377 2039 nomen
1415 1999 1459 2039 et
1497 1995 1579 2039 sibi
1612 1995 1786 2052 aperiat

205 2054 337 2096 finem
374 2068 568 2098 errorum
610 2055 908 2111 dolorumque.
970 2055 1038 2097 Ad
1073 2056 1264 2112 priorem
1300 2056 1687 2111 interrogationem
1717 2070 1786 2098 re-

206 2114 393 2171 spondet
422 2114 706 2160 Prometheus
736 2116 784 2174 in
812 2132 879 2160 vv.
903 2116 1161 2168 609-6113
1193 2115 1311 2174 quod
1343 2120 1492 2160 autem
1520 2116 1578 2159 ad
1601 2115 1787 2160 alteram

207 2176 375 2226 attinet,
410 2178 545 2230 virgo,
580 2177 697 2233 quod
725 2177 764 2217 is
795 2191 925 2232 quem
957 2176 1014 2218 ad
1043 2177 1090 2218 id
1120 2178 1329 2232 temporis
1360 2191 1598 2233 numquam
1628 2177 1787 2220 viderit

207 2248 385 2278 suorum
414 2234 616 2280 laborum
648 2250 931 2293 errorumque
961 2236 1135 2279 initium
1156 2235 1480 2279 accuratissime
1500 2235 1666 2280 habeat
1685 2250 1786 2292 cog-

206 2296 360 2348 nitum,
393 2310 491 2339 eam
522 2296 752 2340 deducitur
781 2297 828 2340 in
850 2311 971 2353 spem
993 2301 1042 2340 ut
1064 2298 1120 2340 ab
1142 2297 1296 2341 eodem
1318 2311 1413 2356 sese
1436 2297 1571 2341 etiam
1591 2311 1786 2341 errorum

208 2356 372 2398 exitum
418 2356 671 2399 audituram
718 2370 813 2400 esse
860 2356 1053 2400 confidat
1098 2354 1205 2414 (vid.
1233 2372 1276 2413 p.
1296 2355 1402 2415 ·40):
1449 2357 1534 2400 hac
1571 2358 1664 2400 sine
1710 2371 1788 2414 spe

208 2415 520 2473 subsequentia
549 2415 798 2460 Promethei
827 2416 1035 2460 vaticinia
1065 2429 1239 2460 omnem
1266 2418 1355 2461 vim
1387 2417 1605 2461 amittunt.

326 2476 495 2520 Deinde
516 2481 567 2521 ut
585 2492 730 2535 pauca
751 2477 1031 2533 subjiciamus
1053 2476 1107 2521 de
1133 2478 1327 2522 numeris
1349 2477 1624 2531 dochmiaeis‚
1657 2492 1787 2535 prae-

207 2537 313 2580 bent
332 2537 364 2579 ii
378 2537 589 2581 nonnulla
606 2552 719 2593 quae
735 2537 970 2581 videantur
984 2552 1080 2581 esse
1096 2537 1352 2596 Aeschylea.
1384 2538 1585 2595 Namque
1600 2540 1790 2596 primum

208 2602 387 2641 servant
428 2599 754 2655 responsionem
801 2599 1194 2652 accuratissimam,
1250 2613 1339 2655 qua
1385 2599 1546 2643 virtute
1593 2600 1790 2643 carmina

209 2657 451 2714 Aeschylea
483 2673 510 2700 a
536 2659 845 2714 posterioribus
877 2658 1043 2701 distare
1075 2673 1145 2701 res
1177 2660 1420 2701 certissima
1450 2664 1517 2702 est
1548 2659 1789 2714 eademque

208 2717 449 2761 notissima.
520 2717 726 2775 Syllabas
764 2717 879 2761 enim
918 2718 1129 2775 ancipites
1166 2730 1263 2761 non·
1291 2718 1573 2762 inveniuntur
1601 2719 1686 2761 nisi
1717 2719 1791 2762 ubi

208 2777 304 2833 ipso
344 2782 601 2833 argumento
641 2778 947 2822 defenduntur.
1031 2778 1205 2822 Etenim
1239 2780 1286 2822 in
1317 2780 1436 2822 exitu
1467 2795 1534 2823 vv.
1567 2779 1668 2831 585,
1703 2779 1788 2822 605

209 2837 325 2880 inter
355 2852 401 2881 se
432 2838 696 2895 respondere
727 2842 913 2896 possunt
943 2836 1082 2885 ἀλύξω
1113 2842 1158 2881 et
1188 2836 1320 2888 οἶςθα,
1369 2839 1486 2895 quod
1532 2840 1791 2893 gravissima

209 2897 557 2955 interpunctione
590 2899 920 2955 distinguuntur
957 2914 984 2943 a
1016 2900 1235 2956 proximiS.
1313 2899 1465 2955 Neque
1511 2899 1654 2942 minus
1693 2903 1792 2957 post

1455 2982 1502 3018 4*
