2003 3216
831 100 1006 145 ——47
1070 118 1136 131 -·

192 252 342 284 versas
388 235 529 279 Prom.
560 233 738 277 fabulae
785 247 880 276 esse
918 233 1114 276 fictiones
1152 246 1315 289 easque
1352 232 1551 275 inventas
1583 231 1766 275 diversis

191 298 456 355 temporibus
488 295 842 338 demonstraret..
1089 324 1094 328 -
1771 295 1774 297 ’

310 357 336 401 J
340 371 411 401 am
440 369 584 413 pauca
616 354 777 398 addam
824 353 879 397 de
915 352 1175 397 formatione
1211 367 1414 397 versuum
1451 353 1764 397 trimetrorum:

161 449 163 451 -
193 419 351 463 etenim
381 414 658 472 Wesphalius
705 429 803 457 cum
848 415 894 457 in
940 414 1084 471 operis
1121 414 1290 457 metrici
1325 413 1408 457 vol.
1430 414 1489 457 ΙΙ.
1519 429 1564 471 p.
1585 413 1767 456 XLVIII

192 481 365 522 notaret
393 477 439 518 in
459 476 641 519 canticis
662 489 758 517 esse
779 481 983 516 numeros
998 473 1201 530 Aeschyli
1222 479 1316 517 arte
1337 474 1552 528 indignos,
1585 473 1636 516 G.
1655 472 1766 516 Her-

191 551 403 581 mannum·
445 539 619 578 secutus
665 534 820 577 statuit
865 534 998 577 etiam
1043 535 1088 576 in
1135 534 1341 577 trimetris
1387 533 1635 591 discrepare
1680 548 1767 576 non

190 610 333 655 pauca
366 596 422 639 ab
451 595 581 652 hujus
611 598 769 650 poetae
800 594 976 637 normiS.
1041 594 1127 637 Sed
1164 594 1269 637 mihi
1307 593 1484 651 quidem
1519 594 1603 637 hac
1633 593 1688 636 de
1719 608 1766 636 re

191 658 361 700 cautius
392 656 532 710 egisse
564 655 737 697 videtur
765 654 1057 697 Weckleinius
1082 659 1126 697 et
1145 656 1191 696 in
1212 655 1316 697 edit.
1337 654 1586 711 prolusione
1608 652 1671 711 (p.
1689 652 1767 711 23)

191 721 235 761 et
278 717 324 759 in
368 715 767 772 interpretamentis
812 714 1008 758 versibus
1054 714 1233 771 singulis
1264 714 1530 772 subscriptis,
1562 728 1766 757 manasse

191 777 509 832 discrepantias
546 790 599 817 ex
637 774 848 829 singulari
884 775 1062 818 fabulae
1092 775 1250 818 indole.
1312 775 1427 818 Nam
1456 780 1506 818 ut
1536 775 1680 818 dicam
1711 775 1766 817 de

190 836 350 894 pedum
382 834 650 891 singulorum
680 834 907 890 qualitate,
940 834 1104 878 habent
1132 835 1340 878 tredecim
1359 849 1510 878 versus
1533 849 1586 878 ex
1608 835 1765 890 quibus
1819 846 1823 849 ·

189 910 301 938 unus
334 897 420 938 803
451 896 603 950 incipit
633 909 685 937 ex
716 895 889 938 nomine
919 896 1106 951 proprio,
1147 899 1410 951 anapaestos
1450 895 1525 950 qui
1555 899 1767 939 vocantur

190 955 371 1012 cyclicos
403 952 587 1012 (Weckl.
621 969 662 1011 p.
687 955 776 1007 23).
839 953 931 996 Hos
964 959 1226 1011 anapaestos
1259 954 1315 996 ab
1348 954 1560 1010 Aeschylo
1590 959 1767 1010 praeter

188 1029 323 1057 unum
356 1014 473 1071 Sept.
506 1014 682 1056 fabulae
713 1030 753 1057 v.
786 1015 873 1057 522
905 1028 993 1056 non
1022 1029 1117 1057 esse
1138 1014 1302 1070 positos
1323 1014 1407 1056 nisi
1428 1015 1567 1071 primo
1587 1015 1633 1057 in
1652 1014 1765 1071 pede

190 1074 401 1117 Christius
424 1073 651 1117 adnotavit
671 1074 717 1116 in
740 1074 846 1116 artis
867 1074 1073 1117 metricae
1095 1089 1136 1130 p.
1156 1075 1262 1116 526:
1295 1073 1410 1116 hunc
1432 1074 1618 1116 eundem
1638 1088 1766 1116 usum

189 1134 424 1177 ostendunt
468 1132 612 1176 Prom.
651 1133 827 1176 fabulae
865 1133 1066 1190 exempla
1102 1134 1260 1176 omnia.
1328 1133 1498 1177 Deinde
1536 1135 1767 1191 anapaesti

187 1193 251 1236 illi
283 1208 310 1236 a
340 1193 551 1250 Sophocle
585 1197 629 1236 et
659 1192 866 1248 Euripide
888 1189 1030 1250 'saepe
1063 1194 1125 1236 sic
1156 1197 1258 1236 sunt
1287 1192 1464 1237 formati
1484 1198 1534 1237 ut
1553 1193 1767 1237 haberent

189 1253 381 1310 syllabas
421 1253 672 1296 vocularum
707 1252 916 1309 plurium;
955 1253 1033 1296 sed
1064 1253 1304 1309 Aeschylus
1336 1254 1419 1296 sibi
1450 1254 1624 1310 scripsit
1652 1254 1766 1296 hanc

186 1313 328 1368 legem
358 1327 583 1368 nunquam
613 1312 864 1355 violandam
893 1316 943 1355 ut
973 1313 1019 1355 in
1049 1327 1253 1356 versuum
1285 1313 1499 1369 ejusmodi
1533 1314 1656 1356 initio
1686 1328 1765 1370 po-

187 1377 312 1416 neret
341 1373 554 1416 vocabula
584 1373 652 1416 vel
683 1377 773 1416 tres
794 1372 863 1416 vel
883 1372 1031 1429 plures
1054 1373 1246 1430 syllabas
1270 1373 1596 1430 amplectentia:
1631 1374 1766 1417 etiam

186 1433 295 1477 haec
325 1432 396 1476 lex
427 1433 669 1489 Aeschylea
701 1447 871 1489 semper
901 1437 967 1476 est
999 1438 1175 1476 servata
1204 1438 1357 1476 nostra
1386 1434 1433 1476 in
1452 1433 1617 1476 fabula.
1664 1433 1766 1476 Jam

186 1508 240 1536 ne
273 1494 369 1547 quis
396 1493 579 1536 haereat
598 1494 644 1535 in
664 1508 824 1548 magno
845 1508 1048 1537 versuum
1069 1493 1282 1549 ejusmodi
1303 1508 1482 1537 numero
1501 1519 1552 1524 —
1574 1508 1765 1549 namque

187 1567 239 1595 ex
273 1552 482 1609 exemplis
513 1553 707 1608 triginta,
742 1567 855 1608 quae
886 1557 1065 1609 praeter
1095 1567 1247 1596 versus
1285 1567 1367 1595 usu
1405 1554 1627 1596 nominum
1664 1568 1764 1610 pro-

185 1613 377 1668 priorum
424 1618 653 1656 excusatos
685 1617 787 1656 sunt
824 1613 869 1655 in
900 1612 1102 1669 Aeschyli
1132 1613 1384 1668 tragoediiS‚
1419 1613 1635 1657 debentur
1664 1614 1764 1657 huic

185 1672 361 1714 fabulae
409 1672 637 1715 duodecim
673 1670 857 1729 (Weckl.
889 1688 932 1728 p.
956 1671 1033 1729 23)
1081 1700 1136 1705 ——
1183 1674 1315 1728 pauci
1349 1673 1515 1715 habent
1549 1674 1688 1729 primo
1719 1674 1765 1715 in

184 1731 295 1788 pede
327 1732 541 1775 vocabula
572 1746 685 1788 quae
719 1733 811 1775 sine
841 1732 1019 1776 licentia
1048 1733 1230 1776 metrica
1261 1733 1307 1775 in
1331 1747 1533 1775 numeros
1554 1733 1762 1776 iambicos

185 1806 361 1848 prorsus
393 1790 481 1835 non'
512 1797 748 1848 potuerunt
778 1793 933 1847 redigi:
967 1793 1028 1835 sic
1059 1809 1097 1836 v.
1121 1794 1205 1836 357
1242 1808 1294 1836 ex
1325 1792 1543 1836 vocabulov
1574 1791 1762 1847 »ἑκατογ-

185 1851 401 1909 κ(ίρανον,«
443 1868 509 1896 vv.
535 1853 575 1896 6.
606 1853 664 1895 64
708 1867 760 1895 ex
793 1867 879 1895 uno
911 1852 1150 1908 eodemque
1182 1852 1392 1896 vocabulo
1428 1850 1761 1908 »ἀδαμαντίνωνι

184 1913 408 1969 incipiunt.
472 1912 710 1957 Praeterea
741 1913 905 1957 habent
935 1929 1002 1958 vv.
1031 1915 1133 1958 370.
1167 1914 1253 1958 720
1285 1914 1425 1970 primo
1456 1914 1501 1956 in
1532 1913 1644 1971 pede
1675 1912 1764 1957 for-

184 1987 279 2015 mas
311 1973 507 2029 ejusdem
537 1974 722 2016 nominis
758 1971 1003 2030 »κορυφαί«,
1041 1990 1108 2017 vv.
1133 1975 1203 2017 89.
1236 1975 1323 2017 372
1362 1974 1530 2017 formas
1569 1974 1766 2030 ejusdem

184 2033 370 2076 nominis
404 2032 590 2090 ποταμοῖς
640 2048 752 2090 quae
784 2033 1093 2078 vocabulorum
1125 2033 1362 2078 eorundem
1396 2034 1628 2078 iteratione
1659 2034 1766 2077 mihi

186 2094 363 2148 quidem
395 2094 689 2149 exemplorum
710 2109 916 2137 numerus
937 2095 1073 2137 minui
1093 2094 1278 2138 videtur.
1326 2094 1462 2138 Porro
1484 2095 1570 2137 duo
1591 2100 1765 2138 tantum

184 2168 335 2196 versus
366 2151 489 2212 (166.
522 2152 630 2213 665)
661 2154 873 2211 incipiunt
904 2169 957 2198 ex
987 2154 1099 2210 pede
1131 2159 1220 2198 tres
1252 2154 1446 2212 syllabas
1486 2155 1639 2198 breves
1672 2169 1764 2198 am-

185 2213 400 2269 plectente
433 2215 494 2256 sic
524 2219 574 2257 ut
603 2229 696 2256 mos
728 2214 1006 2271 AeschyleuS‚
1047 2229 1102 2257 ex
1130 2229 1219 2269 quo
1251 2219 1355 2258 sunt
1385 2214 1582 2271 syllabae
1614 2230 1763 2258 omnes

187 2274 313 2316 unius
330 2274 611 2331 ejusdemque
633 2275 844 2327 vocabuli,
867 2288 1046 2332 prorsus
1067 2275 1309 2319 retineatur
1329 2273 1507 2331 (Christ.
1531 2279 1612 2318 art.
1635 2279 1760 2318 metr.

184 2349 226 2389 p.
251 2336 337 2377 323
371 2334 452 2377 sub
484 2336 525 2386 2,
558 2339 603 2378 et
632 2335 797 2378 Weckl.
830 2351 868 2378 v.
895 2336 980 2379 116
1018 2333 1265 2393 interpret).
1332 2334 1439 2405 ΤιΨι
1484 2339 1534 2378 ut
1576 2336 1623 2378 in
1667 2337 1764 2379 uni-

185 2408 358 2437 versum
403 2394 542 2449 primo
578 2395 624 2438 in
666 2395 777 2452 pede
808 2395 1029 2439 rarissime
1064 2396 1119 2439 ab
1150 2394 1364 2452 Aeschylo
1394 2396 1530 2438 iambi
1559 2395 1654 2439 loco
1684 2410 1764 2453 po-

184 2455 304 2497 nitur
324 2454 538 2511 dactylus,
573 2456 634 2498 sic
666 2459 733 2499 est
763 2455 847 2499 hac
877 2455 923 2498 in
955 2455 1108 2499 fabula
1129 2470 1264 2498 unum
1285 2456 1499 2512 ejusmodi
1519 2456 1765 2512 exemplum

185 2511 244 2571 (v.
268 2513 387 2572 728),
421 2515 538 2570 quod
569 2515 814 2572 exemplum
845 2519 1078 2559 excusatur
1108 2529 1190 2559 usu
1211 2517 1396 2558 nominis
1417 2516 1594 2573 proprii.
1641 2516 1764 2559 Unus

186 2577 333 2617 autem
364 2589 515 2618 versus
547 2573 675 2633 (713)
706 2576 752 2618 in
785 2576 923 2620 altero
953 2575 1065 2632 pede
1096 2579 1186 2619 tres
1216 2575 1351 2619 habet
1389 2576 1580 2633 syllabas
1610 2575 1765 2620 breves

185 2648 349 2691 easque
396 2636 458 2678 sic
505 2635 770 2685 distributas
809 2641 859 2682 ut
893 2636 1013 2694 prior
1051 2635 1221 2694 syllaba
1252 2637 1309 2680 sit
1338 2636 1538 2681 vocabuli
1570 2636 1762 2689 alteriuS‚

186 2694 367 2738 alterius
413 2700 608 2747 ceterae3
657 2696 771 2740 adde
820 2697 938 2753 quod
977 2697 1112 2740 etiam
1141 2697 1211 2740 hic
1241 2711 1319 2753 pes
1352 2696 1541 2740 efficitur
1571 2712 1653 2740 usu
1686 2712 1763 2740 no-

184 2755 312 2798 minis
344 2756 545 2811 ejusdam
574 2757 739 2813 proprii
769 2754 876 2815 (vid.
909 2756 1073 2800 Weckl.
1095 2771 1208 2801 vers.
1231 2755 1628 2814 illius-interpret).
1677 2757 1765 2800 Sed

183 2816 302 2858 tertii
332 2817 467 2860 iambi
498 2816 591 2860 loco
623 2817 876 2872 saepissime
898 2818 1073 2873 ponitur
1101 2818 1157 2861 ab
1178 2817 1391 2874 Aeschylo
1422 2817 1492 2861 vel
1517 2817 1764 2861 tribrachus

184 2874 253 2917 vel
299 2876 416 2930 quod
459 2877 594 2920 etiam
639 2878 817 2934 saepius
863 2877 923 2921 fit·
960 2877 1160 2934 dactylus
1200 2876 1379 2933 (Christ.
1411 2892 1453 2933 p.
1477 2878 1565 2920 324
1596 2877 1762 2920 Weckl.
