2003 3216
819 99 1114 141 -58-

176 229 394 284 strophas,
427 230 556 273 facile
586 230 803 284 intelliget
834 235 1001 285 quanto
1033 230 1197 274 distent
1229 245 1256 273 a
1286 229 1459 285 legibus
1489 230 1757 286 Euripideis:

174 303 366 346 namque
415 291 532 346 apud
579 289 692 333 hunc
740 294 919 347 poetam
964 304 1052 333 non
1089 289 1219 334 modo
1250 289 1296 333 in
1327 289 1452 333 initio
1483 289 1586 347 poni
1619 289 1760 335 solent

177 350 410 405 ampliores
441 365 593 393 versus
624 350 841 407 dactylici,
875 350 994 406 quod
1025 351 1117 407 ipse
1149 351 1216 394 vir
1244 352 1395 394 doctus
1417 350 1657 394 rectissime
1679 351 1758 395 ad-

174 410 346 453 notavit
376 425 447 467 pp.
472 410 724 463 694-695‚
764 410 842 454 sed
880 414 976 454 tota
1007 424 1087 468 per
1118 410 1315 454 carmina
1346 414 1579 454 servantur
1608 425 1759 454 versus

176 470 558 527 dactylotrochaici
591 471 681 515 sive
715 471 1148 528 anapaestoiambici,
1183 476 1315 529 atque
1346 471 1492 530 rarius
1527 476 1760 521 occurrunt

174 531 283 573 meri
328 545 480 574 versus
527 530 734 575 trochaici
767 531 836 576 vel
875 530 1064 576 iambici.
1127 532 1249 584 Quae
1281 546 1380 576 cum
1409 532 1476 575 ita
1507 532 1607 584 sint,
1640 531 1758 576 idem

169 591 462 647 judicaverim
494 592 549 635 de
580 591 724 636 Prom.
757 592 938 636 fabulae
970 593 1237 636 carminibus
1269 593 1384 650 quod
1414 592 1509 649 ipse
1525 592 1758 649 Westpha-

172 651 258 694 lius
306 652 573 696 existimavit
610 654 663 696 de
701 652 825 696 Eum.
859 652 1040 696 fabulae
1080 653 1276 705 canticiS,
1316 667 1432 710 quae
1463 652 1634 708 legibus
1665 651 1770 696 tam‘

172 712 309 757 firmis
341 712 699 756 constantibusve
731 728 865 770 quam
895 712 1100 770 strophas
1122 713 1381 771 Euripideas
1412 717 1555 757 metra
1584 713 1757 770 episyn-

172 772 297 815 theta
329 773 641 830 amplectentes
675 774 735 817 uti
769 774 960 829 negavit.

292 833 395 876 Jam
420 833 717 889 judicabimus
750 835 803 877 de
825 834 1067 877 carminum
1089 833 1371 889 argumentis.
1420 833 1603 877 Constat
1623 833 1758 888 igitur

172 892 287 935 inter
318 908 467 936 omnes
498 894 690 949 tragicos
720 895 986 950 posteriores
1018 894 1196 936 chorum
1223 894 1367 937 facere
1390 893 1666 950 eloquentem
1685 908 1756 936 res

172 952 411 1007 universaS,
445 953 588 998 obiter
617 958 792 998 tantum
829 965 1118 1013 personarum
1158 955 1357 998 facinora
1393 958 1646 1010 tangentem
1679 954 1757 998 sed

174 1014 291 1070 apud
323 1014 585 1072 Aeschylum
622 1015 801 1059 chorum
837 1016 919 1059 tali
960 1015 1105 1059 animo
1138 1030 1233 1059 esse
1264 1016 1515 1072 praeditum
1546 1020 1596 1058 ut
1629 1015 1756 1058 alteri

172 1089 461 1131 personarum
500 1076 617 1131 parti
652 1075 811 1129 faveat,
860 1076 1046 1120 alteram
1083 1080 1372 1133 persequatur
1408 1074 1508 1120 odio
1547 1079 1680 1132 atque
1713 1075 1758 1119 et

171 1137 263 1191 ipse
302 1151 382 1191 pro
420 1137 568 1182 amicis
598 1152 686 1180 non
717 1137 847 1180 modo
879 1152 966 1180 non
997 1137 1141 1180 verbis
1175 1137 1251 1180 sed
1283 1152 1338 1180 ne
1369 1137 1629 1180 facinoribus
1661 1137 1756 1192 qui-

173 1196 273 1238 dem
312 1200 477 1252 parcat.
541 1193 670 1240 Hunc
706 1211 872 1239 morem
905 1196 1190 1254 Aeschyleum
1229 1197 1335 1239 mihi
1368 1197 1544 1253 quidem
1575 1210 1680 1251 prae
1711 1210 1756 1239 se

170 1256 285 1299 ferre
323 1256 529 1299 videntur
564 1257 644 1299 illa
681 1258 892 1300 carmina:
941 1263 1131 1312 namque
1167 1258 1214 1299 in
1244 1258 1337 1312 ipso
1368 1257 1524 1312 prioris
1554 1256 1756 1299 carminis

170 1317 295 1359 initio
342 1316 532 1372 virgines
563 1316 620 1360 ad
651 1318 851 1373 proxima
881 1317 1131 1361 Promethei
1162 1317 1295 1360 verba
1327 1317 1482 1373 quibus
1513 1316 1593 1360 sibi
1625 1331 1757 1360 novos

172 1377 343 1420 dolores
380 1377 550 1421 futuros
588 1392 678 1421 esse
717 1382 787 1421 est
817 1381 1071 1434 auguratus,
1117 1378 1398 1433 respicientes
1431 1392 1530 1420 eum
1561 1380 1757 1420 metuere

171 1442 323 1481 vetant
354 1438 487 1495 atque
520 1439 754 1496 subjiciunt
786 1453 879 1482 sese
912 1439 1078 1483 venisse
1111 1439 1281 1482 amicas.
1344 1438 1488 1494 Atque
1511 1452 1583 1481 eas
1604 1452 1758 1481 revera

169 1498 399 1553 indulgere
445 1499 523 1550 illi,
570 1500 676 1541 satis
723 1499 927 1542 discimus
966 1514 1019 1542 ex
1051 1499 1341 1554 antistropha:
1390 1513 1491 1541 nam
1522 1502 1755 1554 postquam

169 1558 245 1602 ille
293 1559 466 1615 quantis
514 1558 736 1603 doloribus
784 1562 1017 1603 vexaretur
1062 1559 1317 1602 brevissime
1356 1559 1627 1615 significavit,
1667 1572 1755 1601 non

169 1619 300 1661 modo
337 1620 686 1662 miserationibus
723 1623 919 1672 utuntur,
959 1620 1038 1662 scd
1077 1621 1209 1662 etiam
1246 1634 1380 1662 novos
1411 1621 1457 1662 in
1489 1619 1593 1662 deos
1625 1623 1757 1673 atque

169 1678 323 1721 Jovem
369 1679 648 1722 acerbissime
687 1679 841 1723 'invehi
879 1694 966 1722 non
1006 1679 1230 1736 dubitant3
1277 1679 1434 1722 deinde
1473 1676 1757 1721 Prometheus

169 1739 233 1781 ait
264 1753 356 1782 sese
389 1739 590 1782 maluisse
621 1740 667 1782 in
701 1739 859 1782 Orcum
882 1739 1022 1795 dejici,
1057 1754 1188 1795 quam
1218 1738 1411 1782 vinctum
1437 1739 1497 1781 sic
1518 1739 1617 1793 rupi
1637 1738 1757 1793 affigi

169 1802 219 1840 ut
252 1802 297 1841 et
319 1799 378 1841 dii
401 1803 444 1842 et
465 1799 663 1842 homines
690 1800 776 1842 suis
798 1799 1020 1842 doloribus
1041 1800 1208 1854 possint
1227 1800 1362 1854 pasci:
1396 1799 1585 1853 virgines
1609 1802 1754 1840 autem

169 1859 437 1913 respondent
467 1860 684 1903 neminem
713 1863 804 1902 tam
834 1859 992 1902 durum
1015 1874 1108 1902 esse
1142 1874 1271 1914 quem
1298 1874 1385 1902 non
1406 1859 1612 1902 misereat
1632 1858 1757 1900 istius

169 1933 316 1961 rerum
353 1919 637 1962 adversarum
673 1922 851 1975 praeter
887 1920 1030 1975 ipsum
1061 1919 1214 1962 Jovem
1249 1933 1435 1975 eumque
1466 1918 1625 1961 inflexo
1658 1932 1756 1961 cum

171 1978 272 2021 odio
305 1979 516 2021 caelestes
549 1979 725 2021 domare
758 1979 909 2021 dicunt
939 1993 1082 2034 neque
1115 1979 1234 2034 prius
1268 1994 1358 2022 esse
1390 1979 1652 2021 destiturum

459 2039 550 2096 πρὶν
582 2038 632 2081 ἄν
664 2037 690 2098 ἢ
721 2038 871 2097 κορέσῃ
903 2038 1004 2097 κέαρ

459 2098 484 2157 ἦ
517 2099 680 2157 παλσᾷιῃ
712 2100 782 2141 τινὶ
813 2100 884 2141 τὰν
916 2099 1149 2141 δυσάλωτον
1181 2098 1252 2157 ἕλῃ
1285 2112 1339 2148 τις
1366 2098 1513 2156 ἀρχάν.

170 2159 374 2203 Ceterum
422 2160 503 2204 hac
551 2163 748 2204 extrema
793 2160 1012 2205 sententia
1056 2162 1230 2203 utentes
1273 2174 1360 2203 non
1403 2157 1559 2202 leviter
1603 2160 1758 2201 notant

169 2235 385 2262 summum
437 2221 576 2264 scelus
622 2221 871 2275 nuperrime
923 2236 950 2263 a
1001 2220 1111 2263 Jove
1157 2221 1203 2262 in
1249 2224 1419 2275 patrem
1466 2220 1755 2262 commissum.

168 2279 454 2324 Prometheus
486 2280 543 2323 ad
575 2280 653 2323 illa
683 2281 900 2336 virginum
930 2280 1065 2324 verba
1095 2294 1219 2323 suam
1251 2280 1492 2323 orationem
1524 2279 1758 2323 adnectens

169 2341 313 2384 dicere
344 2342 488 2396 pergit
510 2356 619 2393 sese,
654 2355 919 2397 quamquam
942 2345 1148 2384 teneatur
1161 2340 1346 2383 vinculis
1366 2339 1578 2391 infractis,
1608 2343 1756 2382 tamen

167 2400 328 2443 habere
372 2415 496 2444 arma
527 2401 684 2456 quibus
715 2405 927 2458 tyrannus
959 2401 1097 2456 possit
1126 2400 1288 2455 privari
1319 2399 1501 2455 imperio
1547 2399 1632 2442 nisi
1662 2399 1756 2453 ipse

168 2461 355 2503 vinculis
401 2461 571 2504 solutus
618 2461 752 2504 etiam
790 2460 991 2504 dolorum
1026 2461 1298 2517 injuriaeque
1329 2473 1493 2516 poenas
1525 2458 1755 2514 acceperit.

170 2521 257 2564 Sed
303 2524 484 2565 vertunt
530 2520 769 2564 Oceanides
816 2521 857 2564 ei
903 2521 1112 2577 opprobio
1160 2520 1277 2576 quod
1324 2520 1453 2563 nimis
1489 2520 1632 2563 audax
1669 2532 1757 2562 non

167 2581 372 2625 flectatur
416 2583 638 2626 laboribus
685 2582 945 2638 gravissimis
992 2582 1119 2638 eique
1157 2582 1361 2625 timentes
1406 2580 1530 2624 aiunt
1560 2594 1654 2625 sese
1684 2578 1757 2623 vix

168 2657 345 2698 sperare
376 2643 509 2686 finem
541 2642 740 2687 dolorum
771 2643 945 2698 quando
977 2657 1071 2686 esse
1101 2642 1315 2685 futurum:
1348 2642 1469 2685 Jovis
1490 2641 1639 2684 odium
1660 2654 1757 2684 ver-

167 2704 235 2746 bis
266 2719 354 2746 non
383 2704 561 2760 placari.
609 2703 861 2759 Respondet
881 2707 1029 2746 autem
1059 2704 1135 2746 ille
1157 2717 1251 2746 sese
1274 2717 1361 2746 non
1381 2703 1582 2757 ignorare
1603 2701 1757 2750 Jovem

167 2779 373 2820 asperum
405 2780 498 2808 esse
530 2768 664 2820 atque
696 2779 724 2807 a
756 2765 845 2807 suis
878 2764 1068 2808 consiliis
1099 2764 1170 2807 vix
1201 2778 1330 2819 posse
1358 2762 1546 2807 detrahi:
1582 2760 1757 2818 quando

167 2828 316 2868 tamen
346 2824 544 2868 futurum
576 2840 669 2869 esse
699 2825 851 2868 mitem
873 2839 1084 2880 suamque
1106 2825 1342 2868 amicitiam
1363 2823 1614 2880 petiturum.
1655 2821 1757 2866 Jam

168 2885 359 2942 virgines
392 2901 492 2931 eum
523 2886 681 2938 omnia,
721 2885 884 2929 scilicet
922 2899 1206 2942 quaecunque
1240 2885 1419 2943 obscure
1451 2881 1757 2942 significaverit
