<?xml version="1.0" encoding="UTF-8"?>
<!DOCTYPE html PUBLIC "-//W3C//DTD XHTML 1.0 Transitional//EN"
    "http://www.w3.org/TR/xhtml1/DTD/xhtml1-transitional.dtd">
<html xmlns="http://www.w3.org/1999/xhtml" xml:lang="en" lang="en">
 <head>
  <title>
</title>
<meta http-equiv="Content-Type" content="text/html;charset=utf-8" />
  <meta name='ocr-system' content='tesseract 3.04.00' />
  <meta name='ocr-capabilities' content='ocr_page ocr_carea ocr_par ocr_line ocrx_word'/>
</head>
<body>
  <div class='ocr_page' id='page_1' title='image "4738130_0064.png"; bbox 0 0 2003 3216; ppageno 0'>
   <div class='ocr_carea' id='block_1_1' title="bbox 880 66 1176 110">
    <p class='ocr_par' dir='ltr' id='par_1_1' title="bbox 880 66 1176 110">
     <span class='ocr_line' id='line_1_1' title="bbox 880 66 1176 110; baseline -0.003 -10"><span class='ocrx_word' id='word_1_1' title='bbox 880 66 1176 110; x_wconf 80' lang='lat'>—56—</span> 
     </span>
    </p>
   </div>
   <div class='ocr_carea' id='block_1_2' title="bbox 229 197 1828 2779">
    <p class='ocr_par' dir='ltr' id='par_1_2' title="bbox 229 197 1828 2526">
     <span class='ocr_line' id='line_1_2' title="bbox 231 197 1820 255; baseline 0.001 -14"><span class='ocrx_word' id='word_1_2' title='bbox 231 198 432 255; x_wconf 90' lang='lat' dir='ltr'><strong>displicet</strong></span> <span class='ocrx_word' id='word_1_3' title='bbox 477 201 627 241; x_wconf 88' lang='lat' dir='ltr'><strong>tamen</strong></span> <span class='ocrx_word' id='word_1_4' title='bbox 663 197 773 241; x_wconf 89' lang='lat' dir='ltr'><strong>haec</strong></span> <span class='ocrx_word' id='word_1_5' title='bbox 804 197 1071 251; x_wconf 82' lang='lat' dir='ltr'><strong>distributio,</strong></span> <span class='ocrx_word' id='word_1_6' title='bbox 1121 198 1238 253; x_wconf 91' lang='lat' dir='ltr'><strong>quod</strong></span> <span class='ocrx_word' id='word_1_7' title='bbox 1276 199 1336 241; x_wconf 87' lang='lat' dir='ltr'><strong>sic</strong></span> <span class='ocrx_word' id='word_1_8' title='bbox 1366 198 1546 242; x_wconf 88' lang='lat' dir='ltr'><strong>voculae</strong></span> <span class='ocrx_word' id='word_1_9' title='bbox 1583 198 1820 243; x_wconf 82' lang='lat' dir='ltr'>nonnullae</span> 
     </span>
     <span class='ocr_line' id='line_1_3' title="bbox 229 256 1821 316; baseline 0.001 -14"><span class='ocrx_word' id='word_1_10' title='bbox 229 273 318 302; x_wconf 92' lang='lat' dir='ltr'><strong>non</strong></span> <span class='ocrx_word' id='word_1_11' title='bbox 349 262 475 316; x_wconf 83' lang='lat' dir='ltr'><strong>aptas</strong></span> <span class='ocrx_word' id='word_1_12' title='bbox 504 259 629 303; x_wconf 89' lang='lat' dir='ltr'><strong>sedes</strong></span> <span class='ocrx_word' id='word_1_13' title='bbox 650 262 801 303; x_wconf 84' lang='lat' dir='ltr'><strong>tenere</strong></span> <span class='ocrx_word' id='word_1_14' title='bbox 831 258 1049 312; x_wconf 82' lang='lat' dir='ltr'><strong>videntur,</strong></span> <span class='ocrx_word' id='word_1_15' title='bbox 1083 259 1149 302; x_wconf 92' lang='lat' dir='ltr'><strong>uti</strong></span> <span class='ocrx_word' id='word_1_16' title='bbox 1170 257 1252 315; x_wconf 76' lang='grc' dir='ltr'><strong>γάρ</strong></span> <span class='ocrx_word' id='word_1_17' title='bbox 1283 262 1329 303; x_wconf 89' lang='lat' dir='ltr'><strong>et</strong></span> <span class='ocrx_word' id='word_1_18' title='bbox 1355 256 1404 300; x_wconf 77' lang='grc' dir='ltr'><strong>δέ</strong></span> <span class='ocrx_word' id='word_1_19' title='bbox 1423 259 1683 314; x_wconf 79' lang='lat' dir='ltr'>particulae:</span> <span class='ocrx_word' id='word_1_20' title='bbox 1716 274 1821 303; x_wconf 89' lang='lat' dir='ltr'><strong>nam</strong></span> 
     </span>
     <span class='ocr_line' id='line_1_4' title="bbox 230 318 1820 374; baseline 0.001 -14"><span class='ocrx_word' id='word_1_21' title='bbox 230 318 385 374; x_wconf 84' lang='lat' dir='ltr'><strong>incipit</strong></span> <span class='ocrx_word' id='word_1_22' title='bbox 432 333 486 361; x_wconf 85' lang='lat' dir='ltr'><strong>ex</strong></span> <span class='ocrx_word' id='word_1_23' title='bbox 532 318 611 361; x_wconf 88' lang='lat' dir='ltr'><strong>illa</strong></span> <span class='ocrx_word' id='word_1_24' title='bbox 655 318 769 360; x_wconf 83' lang='lat' dir='ltr'><strong>alter</strong></span> <span class='ocrx_word' id='word_1_25' title='bbox 820 318 1024 374; x_wconf 81' lang='lat' dir='ltr'><strong>strophae</strong></span> <span class='ocrx_word' id='word_1_26' title='bbox 1070 333 1238 371; x_wconf 84' lang='lat' dir='ltr'><strong>versus,</strong></span> <span class='ocrx_word' id='word_1_27' title='bbox 1294 332 1347 361; x_wconf 91' lang='lat' dir='ltr'><strong>ex</strong></span> <span class='ocrx_word' id='word_1_28' title='bbox 1392 318 1476 361; x_wconf 88' lang='lat' dir='ltr'><strong>hac</strong></span> <span class='ocrx_word' id='word_1_29' title='bbox 1520 319 1820 374; x_wconf 87' lang='lat' dir='ltr'><strong>antistrophae</strong></span> 
     </span>
     <span class='ocr_line' id='line_1_5' title="bbox 231 376 1821 435; baseline 0.001 -15"><span class='ocrx_word' id='word_1_30' title='bbox 231 377 539 435; x_wconf 83' lang='lat' dir='ltr'><strong>paenultimus.</strong></span> <span class='ocrx_word' id='word_1_31' title='bbox 605 376 692 421; x_wconf 85' lang='lat' dir='ltr'><strong>Sed</strong></span> <span class='ocrx_word' id='word_1_32' title='bbox 724 380 790 421; x_wconf 86' lang='lat' dir='ltr'><strong>est</strong></span> <span class='ocrx_word' id='word_1_33' title='bbox 819 381 1028 434; x_wconf 90' lang='lat' dir='ltr'><strong>prompta</strong></span> <span class='ocrx_word' id='word_1_34' title='bbox 1058 378 1201 421; x_wconf 87' lang='lat' dir='ltr'><strong>altera</strong></span> <span class='ocrx_word' id='word_1_35' title='bbox 1235 391 1440 421; x_wconf 85' lang='lat' dir='ltr'><strong>versuum</strong></span> <span class='ocrx_word' id='word_1_36' title='bbox 1477 378 1724 434; x_wconf 82' lang='lat' dir='ltr'><strong>dispositio,</strong></span> <span class='ocrx_word' id='word_1_37' title='bbox 1766 392 1821 421; x_wconf 90' lang='lat' dir='ltr'><strong>ex</strong></span> 
     </span>
     <span class='ocr_line' id='line_1_6' title="bbox 233 436 1819 493; baseline -0.001 -13"><span class='ocrx_word' id='word_1_38' title='bbox 233 451 322 493; x_wconf 92' lang='lat' dir='ltr'><strong>qua</strong></span> <span class='ocrx_word' id='word_1_39' title='bbox 353 438 500 480; x_wconf 90' lang='lat' dir='ltr'><strong>omnia</strong></span> <span class='ocrx_word' id='word_1_40' title='bbox 519 438 630 480; x_wconf 90' lang='lat' dir='ltr'><strong>bene</strong></span> <span class='ocrx_word' id='word_1_41' title='bbox 661 437 897 492; x_wconf 88' lang='lat' dir='ltr'><strong>profluunt.</strong></span> <span class='ocrx_word' id='word_1_42' title='bbox 966 436 1166 492; x_wconf 86' lang='lat' dir='ltr'><strong>Namque</strong></span> <span class='ocrx_word' id='word_1_43' title='bbox 1199 438 1415 492; x_wconf 85' lang='lat' dir='ltr'><strong>gravitate</strong></span> <span class='ocrx_word' id='word_1_44' title='bbox 1445 438 1819 493; x_wconf 84' lang='lat' dir='ltr'><strong>interpunctionis,</strong></span> 
     </span>
     <span class='ocr_line' id='line_1_7' title="bbox 232 493 1821 556; baseline 0.001 -16"><span class='ocrx_word' id='word_1_45' title='bbox 232 510 346 552; x_wconf 87' lang='lat' dir='ltr'><strong>quae</strong></span> <span class='ocrx_word' id='word_1_46' title='bbox 377 497 424 540; x_wconf 94' lang='lat' dir='ltr'><strong>in</strong></span> <span class='ocrx_word' id='word_1_47' title='bbox 456 495 610 540; x_wconf 89' lang='lat' dir='ltr'><strong>eodem</strong></span> <span class='ocrx_word' id='word_1_48' title='bbox 639 495 845 552; x_wconf 85' lang='lat' dir='ltr'><strong>strophae</strong></span> <span class='ocrx_word' id='word_1_49' title='bbox 877 496 937 554; x_wconf 81' lang='lat' dir='ltr'><strong>(v.</strong></span> <span class='ocrx_word' id='word_1_50' title='bbox 963 493 1070 554; x_wconf 88' lang='lat'><strong>132)</strong></span> <span class='ocrx_word' id='word_1_51' title='bbox 1103 499 1149 540; x_wconf 89' lang='lat' dir='ltr'><strong>et</strong></span> <span class='ocrx_word' id='word_1_52' title='bbox 1175 496 1474 554; x_wconf 89' lang='lat' dir='ltr'><strong>antistrophae</strong></span> <span class='ocrx_word' id='word_1_53' title='bbox 1506 494 1565 555; x_wconf 88' lang='lat' dir='ltr'><strong>(v.</strong></span> <span class='ocrx_word' id='word_1_54' title='bbox 1590 496 1694 556; x_wconf 89' lang='grc'>149)</span> <span class='ocrx_word' id='word_1_55' title='bbox 1725 497 1821 541; x_wconf 89' lang='grc'>1000</span> 
     </span>
     <span class='ocr_line' id='line_1_8' title="bbox 229 556 1821 613; baseline 0 -13"><span class='ocrx_word' id='word_1_56' title='bbox 229 557 469 608; x_wconf 80' lang='lat' dir='ltr'><strong>invenitur,</strong></span> <span class='ocrx_word' id='word_1_57' title='bbox 520 556 712 599; x_wconf 89' lang='lat' dir='ltr'><strong>carmina</strong></span> <span class='ocrx_word' id='word_1_58' title='bbox 755 557 862 599; x_wconf 91' lang='lat' dir='ltr'><strong>duas</strong></span> <span class='ocrx_word' id='word_1_59' title='bbox 900 557 946 598; x_wconf 91' lang='lat' dir='ltr'><strong>in</strong></span> <span class='ocrx_word' id='word_1_60' title='bbox 983 560 1133 613; x_wconf 88' lang='lat' dir='ltr'><strong>partes</strong></span> <span class='ocrx_word' id='word_1_61' title='bbox 1181 557 1451 610; x_wconf 74' lang='lat' dir='ltr'><strong>dividuntur,</strong></span> <span class='ocrx_word' id='word_1_62' title='bbox 1500 561 1633 613; x_wconf 85' lang='lat' dir='ltr'><strong>atque</strong></span> <span class='ocrx_word' id='word_1_63' title='bbox 1680 557 1821 613; x_wconf 84' lang='lat' dir='ltr'><strong>quivis</strong></span> 
     </span>
     <span class='ocr_line' id='line_1_9' title="bbox 231 615 1822 672; baseline 0.001 -14"><span class='ocrx_word' id='word_1_64' title='bbox 231 616 443 671; x_wconf 89' lang='lat' dir='ltr'><strong>intelligit</strong></span> <span class='ocrx_word' id='word_1_65' title='bbox 462 619 565 672; x_wconf 93' lang='lat' dir='ltr'><strong>post</strong></span> <span class='ocrx_word' id='word_1_66' title='bbox 593 615 994 671; x_wconf 87' lang='lat' dir='ltr'><strong>interpunctionem</strong></span> <span class='ocrx_word' id='word_1_67' title='bbox 1016 615 1203 659; x_wconf 87' lang='lat' dir='ltr'><strong>eandem</strong></span> <span class='ocrx_word' id='word_1_68' title='bbox 1224 615 1409 660; x_wconf 89' lang='lat' dir='ltr'><strong>formam</strong></span> <span class='ocrx_word' id='word_1_69' title='bbox 1429 617 1656 660; x_wconf 87' lang='lat' dir='ltr'><strong>metricam</strong></span> <span class='ocrx_word' id='word_1_70' title='bbox 1678 617 1822 660; x_wconf 91' lang='lat' dir='ltr'><strong>denuo</strong></span> 
     </span>
     <span class='ocr_line' id='line_1_10' title="bbox 233 676 1821 733; baseline 0 -14"><span class='ocrx_word' id='word_1_71' title='bbox 233 690 329 719; x_wconf 91' lang='lat' dir='ltr'><strong>esse</strong></span> <span class='ocrx_word' id='word_1_72' title='bbox 360 676 551 733; x_wconf 86' lang='lat' dir='ltr'><strong>positam</strong></span> <span class='ocrx_word' id='word_1_73' title='bbox 581 679 715 732; x_wconf 89' lang='lat' dir='ltr'><strong>atque</strong></span> <span class='ocrx_word' id='word_1_74' title='bbox 755 676 801 718; x_wconf 91' lang='lat' dir='ltr'><strong>in</strong></span> <span class='ocrx_word' id='word_1_75' title='bbox 833 677 1072 719; x_wconf 86' lang='lat' dir='ltr'><strong>carminum</strong></span> <span class='ocrx_word' id='word_1_76' title='bbox 1109 676 1248 719; x_wconf 86' lang='lat' dir='ltr'><strong>initio.</strong></span> <span class='ocrx_word' id='word_1_77' title='bbox 1316 676 1494 720; x_wconf 86' lang='lat' dir='ltr'><strong>Exitum</strong></span> <span class='ocrx_word' id='word_1_78' title='bbox 1533 677 1691 721; x_wconf 90' lang='lat' dir='ltr'><strong>deinde</strong></span> <span class='ocrx_word' id='word_1_79' title='bbox 1724 691 1821 720; x_wconf 86' lang='lat' dir='ltr'><strong>ver-</strong></span> 
     </span>
     <span class='ocr_line' id='line_1_11' title="bbox 232 735 1821 792; baseline 0.001 -14"><span class='ocrx_word' id='word_1_80' title='bbox 232 751 361 779; x_wconf 88' lang='lat' dir='ltr'><strong>suum</strong></span> <span class='ocrx_word' id='word_1_81' title='bbox 391 751 480 779; x_wconf 93' lang='lat' dir='ltr'><strong>uno</strong></span> <span class='ocrx_word' id='word_1_82' title='bbox 511 735 605 778; x_wconf 91' lang='lat' dir='ltr'><strong>loco</strong></span> <span class='ocrx_word' id='word_1_83' title='bbox 637 736 913 792; x_wconf 88' lang='lat' dir='ltr'><strong>apertissime</strong></span> <span class='ocrx_word' id='word_1_84' title='bbox 945 736 1182 785; x_wconf 90' lang='lat' dir='ltr'><strong>ostendunt</strong></span> <span class='ocrx_word' id='word_1_85' title='bbox 1224 740 1433 779; x_wconf 88' lang='lat' dir='ltr'><strong>exeuntes</strong></span> <span class='ocrx_word' id='word_1_86' title='bbox 1471 737 1664 792; x_wconf 85' lang='lat' dir='ltr'><strong>syllabae</strong></span> <span class='ocrx_word' id='word_1_87' title='bbox 1694 751 1821 780; x_wconf 84' lang='lat' dir='ltr'><strong>voca—</strong></span> 
     </span>
     <span class='ocr_line' id='line_1_12' title="bbox 230 793 1824 854; baseline 0 -14"><span class='ocrx_word' id='word_1_88' title='bbox 230 794 439 840; x_wconf 88' lang='lat' dir='ltr'><strong>bulorum</strong></span> <span class='ocrx_word' id='word_1_89' title='bbox 480 795 597 838; x_wconf 87' lang='lat' dir='ltr'><strong>inter</strong></span> <span class='ocrx_word' id='word_1_90' title='bbox 627 809 673 839; x_wconf 90' lang='lat' dir='ltr'><strong>se</strong></span> <span class='ocrx_word' id='word_1_91' title='bbox 704 796 1060 853; x_wconf 84' lang='lat' dir='ltr'><strong>respondentium</strong></span> <span class='ocrx_word' id='word_1_92' title='bbox 1110 793 1308 853; x_wconf 69' lang='grc' dir='ltr'><strong>πατρςίας</strong></span> <span class='ocrx_word' id='word_1_93' title='bbox 1351 799 1397 840; x_wconf 92' lang='lat' dir='ltr'><strong>et</strong></span> <span class='ocrx_word' id='word_1_94' title='bbox 1444 793 1527 854; x_wconf 72' lang='grc' dir='ltr'><em>(εἷς)</em></span> <span class='ocrx_word' id='word_1_95' title='bbox 1575 794 1731 847; x_wconf 79' lang='grc' dir='ltr'>ιδυῦσα,</span> <span class='ocrx_word' id='word_1_96' title='bbox 1779 800 1824 840; x_wconf 91' lang='lat' dir='ltr'><strong>et</strong></span> 
     </span>
     <span class='ocr_line' id='line_1_13' title="bbox 232 855 1822 912; baseline 0.001 -14"><span class='ocrx_word' id='word_1_97' title='bbox 232 857 341 898; x_wconf 90' lang='lat' dir='ltr'><strong>alias</strong></span> <span class='ocrx_word' id='word_1_98' title='bbox 372 855 509 911; x_wconf 91' lang='lat' dir='ltr'><strong>pedes</strong></span> <span class='ocrx_word' id='word_1_99' title='bbox 550 856 731 912; x_wconf 91' lang='lat' dir='ltr'><strong>spondei</strong></span> <span class='ocrx_word' id='word_1_100' title='bbox 771 856 1075 899; x_wconf 89' lang='lat' dir='ltr'><strong>commendare</strong></span> <span class='ocrx_word' id='word_1_101' title='bbox 1113 856 1328 899; x_wconf 86' lang='lat' dir='ltr'><strong>videntur.</strong></span> <span class='ocrx_word' id='word_1_102' title='bbox 1396 856 1520 900; x_wconf 89' lang='lat' dir='ltr'><strong>Haec</strong></span> <span class='ocrx_word' id='word_1_103' title='bbox 1549 857 1595 899; x_wconf 91' lang='lat' dir='ltr'><strong>in</strong></span> <span class='ocrx_word' id='word_1_104' title='bbox 1627 857 1822 899; x_wconf 87' lang='lat' dir='ltr'><strong>versibus</strong></span> 
     </span>
     <span class='ocr_line' id='line_1_14' title="bbox 234 915 1822 973; baseline 0 -14"><span class='ocrx_word' id='word_1_105' title='bbox 234 915 525 973; x_wconf 89' lang='lat' dir='ltr'><strong>disponendis</strong></span> <span class='ocrx_word' id='word_1_106' title='bbox 557 916 595 958; x_wconf 91' lang='lat' dir='ltr'><strong>si</strong></span> <span class='ocrx_word' id='word_1_107' title='bbox 625 930 714 959; x_wconf 89' lang='lat' dir='ltr'><strong>non</strong></span> <span class='ocrx_word' id='word_1_108' title='bbox 744 916 1084 972; x_wconf 84' lang='lat' dir='ltr'><strong>neglexerimus,</strong></span> <span class='ocrx_word' id='word_1_109' title='bbox 1132 915 1267 959; x_wconf 86' lang='lat' dir='ltr'><strong>talem</strong></span> <span class='ocrx_word' id='word_1_110' title='bbox 1314 930 1594 960; x_wconf 91' lang='lat' dir='ltr'><strong>numerorum</strong></span> <span class='ocrx_word' id='word_1_111' title='bbox 1640 916 1822 959; x_wconf 91' lang='lat' dir='ltr'><strong>formam</strong></span> 
     </span>
     <span class='ocr_line' id='line_1_15' title="bbox 232 975 1822 1032; baseline 0 -13"><span class='ocrx_word' id='word_1_112' title='bbox 232 975 500 1020; x_wconf 87' lang='lat' dir='ltr'><strong>habebimus</strong></span> <span class='ocrx_word' id='word_1_113' title='bbox 534 975 676 1032; x_wconf 91' lang='lat' dir='ltr'><strong>qualis</strong></span> <span class='ocrx_word' id='word_1_114' title='bbox 708 975 913 1032; x_wconf 85' lang='lat' dir='ltr'><strong>Aeschyli</strong></span> <span class='ocrx_word' id='word_1_115' title='bbox 945 980 1039 1019; x_wconf 87' lang='lat' dir='ltr'><strong>arte</strong></span> <span class='ocrx_word' id='word_1_116' title='bbox 1071 976 1244 1019; x_wconf 89' lang='lat' dir='ltr'><strong>videtur</strong></span> <span class='ocrx_word' id='word_1_117' title='bbox 1275 975 1542 1032; x_wconf 87' lang='lat' dir='ltr'><strong>dignissima.</strong></span> <span class='ocrx_word' id='word_1_118' title='bbox 1620 976 1822 1031; x_wconf 90' lang='lat' dir='ltr'><strong>Namque</strong></span> 
     </span>
     <span class='ocr_line' id='line_1_16' title="bbox 234 1035 1824 1093; baseline 0 -14"><span class='ocrx_word' id='word_1_119' title='bbox 234 1036 454 1079; x_wconf 87' lang='lat' dir='ltr'><strong>exsistunt</strong></span> <span class='ocrx_word' id='word_1_120' title='bbox 489 1049 643 1079; x_wconf 87' lang='lat' dir='ltr'><strong>versus</strong></span> <span class='ocrx_word' id='word_1_121' title='bbox 675 1036 873 1080; x_wconf 89' lang='lat' dir='ltr'><strong>nonnulli</strong></span> <span class='ocrx_word' id='word_1_122' title='bbox 918 1035 1163 1092; x_wconf 86' lang='lat' dir='ltr'><strong>logaoedici</strong></span> <span class='ocrx_word' id='word_1_123' title='bbox 1201 1050 1309 1091; x_wconf 91' lang='lat' dir='ltr'><strong>quos</strong></span> <span class='ocrx_word' id='word_1_124' title='bbox 1357 1035 1552 1080; x_wconf 90' lang='lat' dir='ltr'><strong>efficiunt</strong></span> <span class='ocrx_word' id='word_1_125' title='bbox 1597 1037 1824 1093; x_wconf 85' lang='lat' dir='ltr'><strong>anapaesti</strong></span> 
     </span>
     <span class='ocr_line' id='line_1_17' title="bbox 236 1094 1826 1153; baseline -0.001 -13"><span class='ocrx_word' id='word_1_126' title='bbox 236 1100 283 1140; x_wconf 90' lang='lat' dir='ltr'><strong>et</strong></span> <span class='ocrx_word' id='word_1_127' title='bbox 315 1095 451 1139; x_wconf 91' lang='lat' dir='ltr'><strong>iambi</strong></span> <span class='ocrx_word' id='word_1_128' title='bbox 482 1100 601 1139; x_wconf 90' lang='lat' dir='ltr'><strong>arcte</strong></span> <span class='ocrx_word' id='word_1_129' title='bbox 634 1095 846 1152; x_wconf 90' lang='lat' dir='ltr'><strong>copulati,</strong></span> <span class='ocrx_word' id='word_1_130' title='bbox 895 1099 947 1139; x_wconf 91' lang='lat' dir='ltr'><strong>ut</strong></span> <span class='ocrx_word' id='word_1_131' title='bbox 977 1112 1044 1139; x_wconf 90' lang='lat' dir='ltr'><strong>vv.</strong></span> <span class='ocrx_word' id='word_1_132' title='bbox 1081 1094 1393 1153; x_wconf 87' lang='lat'><strong>129—135*);</strong></span> <span class='ocrx_word' id='word_1_133' title='bbox 1431 1096 1505 1139; x_wconf 85' lang='lat' dir='ltr'><strong>alii</strong></span> <span class='ocrx_word' id='word_1_134' title='bbox 1536 1111 1684 1139; x_wconf 88' lang='lat' dir='ltr'><strong>versus</strong></span> <span class='ocrx_word' id='word_1_135' title='bbox 1723 1100 1826 1139; x_wconf 90' lang='lat' dir='ltr'><strong>sunt</strong></span> 
     </span>
     <span class='ocr_line' id='line_1_18' title="bbox 237 1155 1826 1221; baseline 0 -22"><span class='ocrx_word' id='word_1_136' title='bbox 237 1155 641 1221; x_wconf 80' lang='lat' dir='ltr'><strong>dactylotrochaici‚</strong></span> <span class='ocrx_word' id='word_1_137' title='bbox 691 1170 745 1199; x_wconf 89' lang='lat' dir='ltr'><strong>ex</strong></span> <span class='ocrx_word' id='word_1_138' title='bbox 778 1155 937 1212; x_wconf 91' lang='lat' dir='ltr'><strong>quibus</strong></span> <span class='ocrx_word' id='word_1_139' title='bbox 968 1159 1148 1212; x_wconf 91' lang='lat' dir='ltr'><strong>praeter</strong></span> <span class='ocrx_word' id='word_1_140' title='bbox 1178 1171 1217 1199; x_wconf 90' lang='lat' dir='ltr'>v</span> <span class='ocrx_word' id='word_1_141' title='bbox 1244 1156 1328 1199; x_wconf 87' lang='lat'><strong>132</strong></span> <span class='ocrx_word' id='word_1_142' title='bbox 1358 1155 1525 1199; x_wconf 88' lang='lat' dir='ltr'><strong>habent</strong></span> <span class='ocrx_word' id='word_1_143' title='bbox 1544 1156 1826 1213; x_wconf 86' lang='lat' dir='ltr'><strong>praemissam</strong></span> 
     </span>
     <span class='ocr_line' id='line_1_19' title="bbox 234 1213 1826 1272; baseline 0 -13"><span class='ocrx_word' id='word_1_144' title='bbox 234 1214 461 1272; x_wconf 80' lang='lat' dir='ltr'><strong>dipodiam</strong></span> <span class='ocrx_word' id='word_1_145' title='bbox 489 1215 721 1259; x_wconf 88' lang='lat' dir='ltr'><strong>iambicam</strong></span> <span class='ocrx_word' id='word_1_146' title='bbox 741 1232 809 1260; x_wconf 86' lang='lat' dir='ltr'><strong>vv.</strong></span> <span class='ocrx_word' id='word_1_147' title='bbox 831 1217 930 1269; x_wconf 89' lang='lat'><strong>128,</strong></span> <span class='ocrx_word' id='word_1_148' title='bbox 956 1213 1056 1268; x_wconf 87' lang='grc'>131,</span> <span class='ocrx_word' id='word_1_149' title='bbox 1083 1216 1189 1267; x_wconf 87' lang='grc'>133;</span> <span class='ocrx_word' id='word_1_150' title='bbox 1220 1232 1259 1258; x_wconf 85' lang='lat' dir='ltr'><strong>v.</strong></span> <span class='ocrx_word' id='word_1_151' title='bbox 1285 1217 1371 1259; x_wconf 90' lang='lat'><strong>130</strong></span> <span class='ocrx_word' id='word_1_152' title='bbox 1400 1215 1587 1259; x_wconf 87' lang='lat' dir='ltr'><strong>efficitur</strong></span> <span class='ocrx_word' id='word_1_153' title='bbox 1606 1231 1694 1259; x_wconf 91' lang='lat' dir='ltr'><strong>uno</strong></span> <span class='ocrx_word' id='word_1_154' title='bbox 1715 1217 1826 1272; x_wconf 88' lang='lat' dir='ltr'><strong>pede</strong></span> 
     </span>
     <span class='ocr_line' id='line_1_20' title="bbox 235 1275 1826 1333; baseline 0.001 -14"><span class='ocrx_word' id='word_1_155' title='bbox 235 1279 475 1333; x_wconf 90' lang='lat' dir='ltr'><strong>anapaesto</strong></span> <span class='ocrx_word' id='word_1_156' title='bbox 515 1279 650 1332; x_wconf 91' lang='lat' dir='ltr'><strong>atque</strong></span> <span class='ocrx_word' id='word_1_157' title='bbox 689 1279 816 1333; x_wconf 90' lang='lat' dir='ltr'><strong>parte</strong></span> <span class='ocrx_word' id='word_1_158' title='bbox 864 1275 1261 1333; x_wconf 89' lang='lat' dir='ltr'><strong>dactylotrochaica</strong></span> <span class='ocrx_word' id='word_1_159' title='bbox 1305 1275 1619 1332; x_wconf 89' lang='lat' dir='ltr'><strong>subsequente,</strong></span> <span class='ocrx_word' id='word_1_160' title='bbox 1664 1291 1704 1320; x_wconf 87' lang='lat' dir='ltr'><strong>v.</strong></span> <span class='ocrx_word' id='word_1_161' title='bbox 1741 1277 1826 1321; x_wconf 87' lang='lat'><strong>134</strong></span> 
     </span>
     <span class='ocr_line' id='line_1_21' title="bbox 232 1335 1828 1393; baseline -0.001 -14"><span class='ocrx_word' id='word_1_162' title='bbox 232 1340 407 1380; x_wconf 90' lang='lat' dir='ltr'><strong>constat</strong></span> <span class='ocrx_word' id='word_1_163' title='bbox 447 1351 499 1379; x_wconf 85' lang='lat' dir='ltr'><strong>ex</strong></span> <span class='ocrx_word' id='word_1_164' title='bbox 539 1339 667 1393; x_wconf 91' lang='lat' dir='ltr'><strong>parte</strong></span> <span class='ocrx_word' id='word_1_165' title='bbox 704 1335 1135 1393; x_wconf 89' lang='lat' dir='ltr'><strong>anapaestoiambica</strong></span> <span class='ocrx_word' id='word_1_166' title='bbox 1172 1341 1217 1379; x_wconf 92' lang='lat' dir='ltr'><strong>et</strong></span> <span class='ocrx_word' id='word_1_167' title='bbox 1250 1340 1377 1392; x_wconf 89' lang='lat' dir='ltr'><strong>parte</strong></span> <span class='ocrx_word' id='word_1_168' title='bbox 1432 1337 1828 1393; x_wconf 86' lang='lat' dir='ltr'><strong>dactylotrochaica</strong></span> 
     </span>
     <span class='ocr_line' id='line_1_22' title="bbox 237 1395 1827 1453; baseline 0 -14"><span class='ocrx_word' id='word_1_169' title='bbox 237 1396 367 1439; x_wconf 90' lang='lat' dir='ltr'><strong>alteri</strong></span> <span class='ocrx_word' id='word_1_170' title='bbox 400 1399 521 1439; x_wconf 89' lang='lat' dir='ltr'><strong>arcte</strong></span> <span class='ocrx_word' id='word_1_171' title='bbox 554 1395 738 1439; x_wconf 88' lang='lat' dir='ltr'><strong>adnexa.</strong></span> <span class='ocrx_word' id='word_1_172' title='bbox 798 1396 984 1451; x_wconf 87' lang='lat' dir='ltr'><strong>Saepius</strong></span> <span class='ocrx_word' id='word_1_173' title='bbox 1015 1399 1164 1439; x_wconf 88' lang='lat' dir='ltr'><strong>autem</strong></span> <span class='ocrx_word' id='word_1_174' title='bbox 1194 1396 1482 1439; x_wconf 85' lang='lat' dir='ltr'><strong>intermiscuit</strong></span> <span class='ocrx_word' id='word_1_175' title='bbox 1512 1399 1645 1453; x_wconf 89' lang='lat' dir='ltr'><strong>poeta</strong></span> <span class='ocrx_word' id='word_1_176' title='bbox 1675 1410 1827 1439; x_wconf 87' lang='lat' dir='ltr'><strong>versus</strong></span> 
     </span>
     <span class='ocr_line' id='line_1_23' title="bbox 232 1455 1825 1559; baseline -0.001 -60"><span class='ocrx_word' id='word_1_177' title='bbox 232 1455 694 1558; x_wconf 45' lang='lat' dir='ltr'><strong>{inalffestoialinli&#39;icps</strong></span> <span class='ocrx_word' id='word_1_178' title='bbox 724 1455 1614 1559; x_wconf 39' lang='lat' dir='ltr'><strong>numegssodaffyssotrpchaicsssl.GHaplgice</strong></span> <span class='ocrx_word' id='word_1_179' title='bbox 1636 1456 1825 1511; x_wconf 87' lang='lat' dir='ltr'><strong>fungun-</strong></span> 
     </span>
     <span class='ocr_line' id='line_1_24' title="bbox 253 1529 1826 1571; baseline 0 -13"><span class='ocrx_word' id='word_1_180' title='bbox 253 1530 307 1558; x_wconf 93' lang='lat' dir='ltr'><strong>ur</strong></span> <span class='ocrx_word' id='word_1_181' title='bbox 378 1529 493 1571; x_wconf 86' lang='lat' dir='ltr'><strong>gam.</strong></span> <span class='ocrx_word' id='word_1_182' title='bbox 556 1529 583 1558; x_wconf 90' lang='lat' dir='ltr'><strong>a</strong></span> <span class='ocrx_word' id='word_1_183' title='bbox 615 1529 645 1558; x_wconf 92' lang='lat' dir='ltr'><strong>u</strong></span> <span class='ocrx_word' id='word_1_184' title='bbox 663 1529 715 1559; x_wconf 92' lang='lat' dir='ltr'><strong>ae</strong></span> <span class='ocrx_word' id='word_1_185' title='bbox 747 1531 814 1559; x_wconf 86' lang='lat' dir='ltr'><strong>vv.</strong></span> <span class='ocrx_word' id='word_1_186' title='bbox 950 1542 1001 1548; x_wconf 86' lang='lat'><strong>-—</strong></span> <span class='ocrx_word' id='word_1_187' title='bbox 1136 1529 1158 1558; x_wconf 92' lang='lat' dir='ltr'><strong>e</strong></span> <span class='ocrx_word' id='word_1_188' title='bbox 1212 1530 1279 1558; x_wconf 85' lang='lat' dir='ltr'><strong>vv.</strong></span> <span class='ocrx_word' id='word_1_189' title='bbox 1406 1543 1457 1550; x_wconf 83' lang='lat'><strong>-—</strong></span> <span class='ocrx_word' id='word_1_190' title='bbox 1561 1549 1571 1568; x_wconf 98' lang='lat'><strong>,</strong></span> <span class='ocrx_word' id='word_1_191' title='bbox 1620 1529 1826 1571; x_wconf 88' lang='lat' dir='ltr'><strong>magnam</strong></span> 
     </span>
     <span class='ocr_line' id='line_1_25' title="bbox 234 1574 1825 1633; baseline -0.001 -13"><span class='ocrx_word' id='word_1_192' title='bbox 234 1575 434 1633; x_wconf 89' lang='lat' dir='ltr'><strong>ejusdem</strong></span> <span class='ocrx_word' id='word_1_193' title='bbox 452 1576 624 1632; x_wconf 87' lang='lat' dir='ltr'><strong>generis</strong></span> <span class='ocrx_word' id='word_1_194' title='bbox 640 1591 844 1619; x_wconf 85' lang='lat' dir='ltr'><strong>versuum</strong></span> <span class='ocrx_word' id='word_1_195' title='bbox 861 1576 1029 1633; x_wconf 89' lang='lat' dir='ltr'><strong>copiam</strong></span> <span class='ocrx_word' id='word_1_196' title='bbox 1044 1574 1179 1618; x_wconf 91' lang='lat' dir='ltr'><strong>habet</strong></span> <span class='ocrx_word' id='word_1_197' title='bbox 1189 1575 1307 1632; x_wconf 87' lang='lat' dir='ltr'><strong>Sept.</strong></span> <span class='ocrx_word' id='word_1_198' title='bbox 1326 1575 1501 1619; x_wconf 86' lang='lat' dir='ltr'><strong>fabulae</strong></span> <span class='ocrx_word' id='word_1_199' title='bbox 1519 1590 1695 1620; x_wconf 89' lang='lat' dir='ltr'><strong>carmen</strong></span> <span class='ocrx_word' id='word_1_200' title='bbox 1708 1576 1825 1631; x_wconf 88' lang='lat' dir='ltr'><strong>quod</strong></span> 
     </span>
     <span class='ocr_line' id='line_1_26' title="bbox 235 1635 1823 1691; baseline -0.001 -11"><span class='ocrx_word' id='word_1_201' title='bbox 235 1639 304 1680; x_wconf 90' lang='lat' dir='ltr'><strong>est</strong></span> <span class='ocrx_word' id='word_1_202' title='bbox 323 1637 370 1679; x_wconf 91' lang='lat' dir='ltr'><strong>in</strong></span> <span class='ocrx_word' id='word_1_203' title='bbox 391 1651 459 1679; x_wconf 87' lang='lat' dir='ltr'><strong>vv.</strong></span> <span class='ocrx_word' id='word_1_204' title='bbox 484 1637 747 1680; x_wconf 87' lang='lat'>703—709:</span> <span class='ocrx_word' id='word_1_205' title='bbox 781 1649 971 1691; x_wconf 89' lang='lat' dir='ltr'><strong>namque</strong></span> <span class='ocrx_word' id='word_1_206' title='bbox 1002 1635 1085 1679; x_wconf 90' lang='lat' dir='ltr'><strong>hoc</strong></span> <span class='ocrx_word' id='word_1_207' title='bbox 1104 1635 1151 1678; x_wconf 93' lang='lat' dir='ltr'><strong>in</strong></span> <span class='ocrx_word' id='word_1_208' title='bbox 1172 1635 1365 1678; x_wconf 87' lang='lat' dir='ltr'><strong>carmine</strong></span> <span class='ocrx_word' id='word_1_209' title='bbox 1398 1650 1546 1679; x_wconf 88' lang='lat' dir='ltr'><strong>omnes</strong></span> <span class='ocrx_word' id='word_1_210' title='bbox 1567 1650 1719 1679; x_wconf 89' lang='lat' dir='ltr'><strong>versus</strong></span> <span class='ocrx_word' id='word_1_211' title='bbox 1741 1651 1823 1678; x_wconf 93' lang='lat' dir='ltr'><strong>nu-</strong></span> 
     </span>
     <span class='ocr_line' id='line_1_27' title="bbox 235 1695 1826 1754; baseline 0 -14"><span class='ocrx_word' id='word_1_212' title='bbox 235 1710 380 1741; x_wconf 88' lang='lat' dir='ltr'><strong>meros</strong></span> <span class='ocrx_word' id='word_1_213' title='bbox 405 1695 855 1754; x_wconf 87' lang='lat' dir='ltr'><strong>anapaestoiambicos</strong></span> <span class='ocrx_word' id='word_1_214' title='bbox 874 1695 1042 1739; x_wconf 90' lang='lat' dir='ltr'><strong>habent</strong></span> <span class='ocrx_word' id='word_1_215' title='bbox 1055 1699 1232 1753; x_wconf 90' lang='lat' dir='ltr'><strong>praeter</strong></span> <span class='ocrx_word' id='word_1_216' title='bbox 1246 1696 1436 1752; x_wconf 84' lang='lat' dir='ltr'><strong>priorem</strong></span> <span class='ocrx_word' id='word_1_217' title='bbox 1451 1700 1496 1740; x_wconf 91' lang='lat' dir='ltr'><strong>et</strong></span> <span class='ocrx_word' id='word_1_218' title='bbox 1510 1695 1732 1748; x_wconf 83' lang='lat' dir='ltr'><strong>ultimum3</strong></span> <span class='ocrx_word' id='word_1_219' title='bbox 1754 1696 1826 1740; x_wconf 92' lang='grc'>1110</span> 
     </span>
     <span class='ocr_line' id='line_1_28' title="bbox 238 1756 1825 1813; baseline 0 -13"><span class='ocrx_word' id='word_1_220' title='bbox 238 1761 391 1801; x_wconf 90' lang='lat' dir='ltr'><strong>autem</strong></span> <span class='ocrx_word' id='word_1_221' title='bbox 423 1760 492 1800; x_wconf 87' lang='lat' dir='ltr'><strong>est</strong></span> <span class='ocrx_word' id='word_1_222' title='bbox 513 1756 955 1813; x_wconf 89' lang='lat' dir='ltr'><strong>dactylotrochaicus,</strong></span> <span class='ocrx_word' id='word_1_223' title='bbox 1004 1756 1078 1800; x_wconf 92' lang='lat' dir='ltr'><strong>ille</strong></span> <span class='ocrx_word' id='word_1_224' title='bbox 1109 1756 1244 1799; x_wconf 92' lang='lat' dir='ltr'><strong>habet</strong></span> <span class='ocrx_word' id='word_1_225' title='bbox 1266 1756 1453 1799; x_wconf 89' lang='lat' dir='ltr'><strong>eandem</strong></span> <span class='ocrx_word' id='word_1_226' title='bbox 1483 1756 1667 1800; x_wconf 87' lang='lat' dir='ltr'><strong>formam</strong></span> <span class='ocrx_word' id='word_1_227' title='bbox 1691 1761 1825 1813; x_wconf 91' lang='lat' dir='ltr'><strong>atque</strong></span> 
     </span>
     <span class='ocr_line' id='line_1_29' title="bbox 233 1816 1827 1875; baseline 0 -14"><span class='ocrx_word' id='word_1_228' title='bbox 233 1818 400 1875; x_wconf 85' lang='lat' dir='ltr'><strong>primus</strong></span> <span class='ocrx_word' id='word_1_229' title='bbox 431 1831 585 1862; x_wconf 87' lang='lat' dir='ltr'><strong>versus</strong></span> <span class='ocrx_word' id='word_1_230' title='bbox 616 1816 791 1861; x_wconf 92' lang='lat' dir='ltr'><strong>illorum</strong></span> <span class='ocrx_word' id='word_1_231' title='bbox 813 1816 957 1861; x_wconf 90' lang='lat' dir='ltr'><strong>Prom.</strong></span> <span class='ocrx_word' id='word_1_232' title='bbox 990 1816 1169 1861; x_wconf 84' lang='lat' dir='ltr'><strong>fabulae</strong></span> <span class='ocrx_word' id='word_1_233' title='bbox 1201 1817 1462 1870; x_wconf 89' lang='lat' dir='ltr'><strong>carminum,</strong></span> <span class='ocrx_word' id='word_1_234' title='bbox 1497 1821 1629 1873; x_wconf 90' lang='lat' dir='ltr'><strong>atque</strong></span> <span class='ocrx_word' id='word_1_235' title='bbox 1660 1817 1827 1862; x_wconf 89' lang='lat' dir='ltr'><strong>habent</strong></span> 
     </span>
     <span class='ocr_line' id='line_1_30' title="bbox 233 1877 1825 1934; baseline 0 -13"><span class='ocrx_word' id='word_1_236' title='bbox 233 1879 348 1922; x_wconf 91' lang='lat' dir='ltr'><strong>hanc</strong></span> <span class='ocrx_word' id='word_1_237' title='bbox 379 1878 565 1922; x_wconf 91' lang='lat' dir='ltr'><strong>eandem</strong></span> <span class='ocrx_word' id='word_1_238' title='bbox 596 1878 781 1921; x_wconf 86' lang='lat' dir='ltr'><strong>formam</strong></span> <span class='ocrx_word' id='word_1_239' title='bbox 802 1879 848 1921; x_wconf 92' lang='lat' dir='ltr'><strong>in</strong></span> <span class='ocrx_word' id='word_1_240' title='bbox 871 1878 1022 1934; x_wconf 90' lang='lat' dir='ltr'><strong>Suppl.</strong></span> <span class='ocrx_word' id='word_1_241' title='bbox 1054 1877 1234 1920; x_wconf 88' lang='lat' dir='ltr'><strong>fabulae</strong></span> <span class='ocrx_word' id='word_1_242' title='bbox 1263 1878 1529 1920; x_wconf 88' lang='lat' dir='ltr'><strong>carminibus</strong></span> <span class='ocrx_word' id='word_1_243' title='bbox 1559 1878 1825 1933; x_wconf 86' lang='lat' dir='ltr'><strong>logaoedicis</strong></span> 
     </span>
     <span class='ocr_line' id='line_1_31' title="bbox 232 1937 1825 1994; baseline -0.001 -12"><span class='ocrx_word' id='word_1_244' title='bbox 232 1954 300 1982; x_wconf 86' lang='lat' dir='ltr'><strong>vv.</strong></span> <span class='ocrx_word' id='word_1_245' title='bbox 335 1939 437 1992; x_wconf 88' lang='lat'><strong>507,</strong></span> <span class='ocrx_word' id='word_1_246' title='bbox 472 1939 573 1991; x_wconf 90' lang='lat'><strong>511,</strong></span> <span class='ocrx_word' id='word_1_247' title='bbox 609 1938 717 1989; x_wconf 76' lang='lat'>7483</span> <span class='ocrx_word' id='word_1_248' title='bbox 746 1943 944 1993; x_wconf 90' lang='lat' dir='ltr'><strong>quorum</strong></span> <span class='ocrx_word' id='word_1_249' title='bbox 984 1951 1189 1981; x_wconf 88' lang='lat' dir='ltr'><strong>versuum</strong></span> <span class='ocrx_word' id='word_1_250' title='bbox 1222 1951 1275 1981; x_wconf 87' lang='lat' dir='ltr'><strong>ex</strong></span> <span class='ocrx_word' id='word_1_251' title='bbox 1305 1937 1445 1994; x_wconf 90' lang='lat' dir='ltr'><strong>primo</strong></span> <span class='ocrx_word' id='word_1_252' title='bbox 1477 1938 1620 1994; x_wconf 86' lang='lat' dir='ltr'><strong>ipsum</strong></span> <span class='ocrx_word' id='word_1_253' title='bbox 1652 1952 1825 1982; x_wconf 91' lang='lat' dir='ltr'><strong>carmen</strong></span> 
     </span>
     <span class='ocr_line' id='line_1_32' title="bbox 232 1997 1825 2056; baseline 0.001 -14"><span class='ocrx_word' id='word_1_254' title='bbox 232 1999 397 2056; x_wconf 90' lang='lat' dir='ltr'><strong>incipit,</strong></span> <span class='ocrx_word' id='word_1_255' title='bbox 431 1998 570 2043; x_wconf 88' lang='lat' dir='ltr'><strong>altero</strong></span> <span class='ocrx_word' id='word_1_256' title='bbox 602 1998 737 2056; x_wconf 92' lang='lat' dir='ltr'><strong>plena</strong></span> <span class='ocrx_word' id='word_1_257' title='bbox 769 1997 991 2054; x_wconf 89' lang='lat' dir='ltr'><strong>quaedam</strong></span> <span class='ocrx_word' id='word_1_258' title='bbox 1029 1997 1269 2051; x_wconf 87' lang='lat' dir='ltr'><strong>sententia,</strong></span> <span class='ocrx_word' id='word_1_259' title='bbox 1308 1998 1439 2041; x_wconf 92' lang='lat' dir='ltr'><strong>tertio</strong></span> <span class='ocrx_word' id='word_1_260' title='bbox 1470 1998 1615 2054; x_wconf 89' lang='lat' dir='ltr'><strong>ipsum</strong></span> <span class='ocrx_word' id='word_1_261' title='bbox 1647 2013 1825 2043; x_wconf 88' lang='lat' dir='ltr'><strong>carmen</strong></span> 
     </span>
     <span class='ocr_line' id='line_1_33' title="bbox 234 2058 1825 2114; baseline -0.001 -12"><span class='ocrx_word' id='word_1_262' title='bbox 234 2059 521 2103; x_wconf 87' lang='lat' dir='ltr'><strong>concluditur.</strong></span> <span class='ocrx_word' id='word_1_263' title='bbox 599 2059 759 2114; x_wconf 92' lang='lat' dir='ltr'><strong>Itaque</strong></span> <span class='ocrx_word' id='word_1_264' title='bbox 792 2072 1065 2114; x_wconf 90' lang='lat' dir='ltr'><strong>quamquam</strong></span> <span class='ocrx_word' id='word_1_265' title='bbox 1103 2058 1346 2114; x_wconf 89' lang='lat' dir='ltr'><strong>disceptare</strong></span> <span class='ocrx_word' id='word_1_266' title='bbox 1377 2072 1465 2101; x_wconf 92' lang='lat' dir='ltr'><strong>non</strong></span> <span class='ocrx_word' id='word_1_267' title='bbox 1496 2058 1638 2102; x_wconf 91' lang='lat' dir='ltr'><strong>audeo</strong></span> <span class='ocrx_word' id='word_1_268' title='bbox 1676 2062 1825 2101; x_wconf 89' lang='lat' dir='ltr'><strong>utrum</strong></span> 
     </span>
     <span class='ocr_line' id='line_1_34' title="bbox 233 2117 1819 2171; baseline 0 -10"><span class='ocrx_word' id='word_1_269' title='bbox 233 2119 312 2162; x_wconf 90' lang='lat' dir='ltr'><strong>illa</strong></span> <span class='ocrx_word' id='word_1_270' title='bbox 356 2119 500 2163; x_wconf 90' lang='lat' dir='ltr'><strong>Prom.</strong></span> <span class='ocrx_word' id='word_1_271' title='bbox 539 2117 718 2161; x_wconf 87' lang='lat' dir='ltr'><strong>fabulae</strong></span> <span class='ocrx_word' id='word_1_272' title='bbox 766 2118 941 2161; x_wconf 90' lang='lat' dir='ltr'><strong>cantica</strong></span> <span class='ocrx_word' id='word_1_273' title='bbox 985 2121 1172 2161; x_wconf 88' lang='lat' dir='ltr'><strong>utantur</strong></span> <span class='ocrx_word' id='word_1_274' title='bbox 1217 2131 1373 2161; x_wconf 87' lang='lat' dir='ltr'><strong>revera</strong></span> <span class='ocrx_word' id='word_1_275' title='bbox 1418 2119 1609 2161; x_wconf 89' lang='lat' dir='ltr'><strong>numeris</strong></span> <span class='ocrx_word' id='word_1_276' title='bbox 1654 2119 1819 2171; x_wconf 90' lang='lat' dir='ltr'><strong>ionicis,</strong></span> 
     </span>
     <span class='ocr_line' id='line_1_35' title="bbox 235 2176 1824 2236; baseline -0.001 -13"><span class='ocrx_word' id='word_1_277' title='bbox 235 2179 354 2236; x_wconf 91' lang='lat' dir='ltr'><strong>quod</strong></span> <span class='ocrx_word' id='word_1_278' title='bbox 402 2178 454 2222; x_wconf 91' lang='lat' dir='ltr'><strong>G.</strong></span> <span class='ocrx_word' id='word_1_279' title='bbox 497 2179 780 2222; x_wconf 90' lang='lat' dir='ltr'><strong>Hermannus</strong></span> <span class='ocrx_word' id='word_1_280' title='bbox 829 2178 973 2234; x_wconf 88' lang='lat' dir='ltr'><strong>(elem.</strong></span> <span class='ocrx_word' id='word_1_281' title='bbox 1023 2178 1160 2222; x_wconf 89' lang='lat' dir='ltr'><strong>doctr.</strong></span> <span class='ocrx_word' id='word_1_282' title='bbox 1207 2181 1333 2222; x_wconf 91' lang='lat' dir='ltr'><strong>metr.</strong></span> <span class='ocrx_word' id='word_1_283' title='bbox 1381 2194 1424 2234; x_wconf 94' lang='lat' dir='ltr'><strong>p.</strong></span> <span class='ocrx_word' id='word_1_284' title='bbox 1464 2176 1592 2236; x_wconf 86' lang='lat'><strong>492),</strong></span> <span class='ocrx_word' id='word_1_285' title='bbox 1641 2179 1824 2222; x_wconf 89' lang='lat' dir='ltr'><strong>Weilius</strong></span> 
     </span>
     <span class='ocr_line' id='line_1_36' title="bbox 234 2236 1824 2307; baseline -0.001 -24"><span class='ocrx_word' id='word_1_286' title='bbox 234 2239 363 2297; x_wconf 90' lang='lat' dir='ltr'><strong>(edit.</strong></span> <span class='ocrx_word' id='word_1_287' title='bbox 383 2255 426 2296; x_wconf 91' lang='lat' dir='ltr'><strong>p.</strong></span> <span class='ocrx_word' id='word_1_288' title='bbox 454 2236 574 2307; x_wconf 82' lang='grc'>113),</span> <span class='ocrx_word' id='word_1_289' title='bbox 610 2238 687 2282; x_wconf 91' lang='lat' dir='ltr'><strong>alii</strong></span> <span class='ocrx_word' id='word_1_290' title='bbox 718 2241 972 2283; x_wconf 87' lang='lat' dir='ltr'><strong>statuerunt</strong></span> <span class='ocrx_word' id='word_1_291' title='bbox 1002 2237 1264 2281; x_wconf 89' lang='lat' dir='ltr'><strong>scholiastae</strong></span> <span class='ocrx_word' id='word_1_292' title='bbox 1286 2254 1324 2281; x_wconf 86' lang='lat' dir='ltr'><strong>v.</strong></span> <span class='ocrx_word' id='word_1_293' title='bbox 1351 2238 1436 2282; x_wconf 88' lang='grc'><strong>128</strong></span> <span class='ocrx_word' id='word_1_294' title='bbox 1458 2238 1824 2294; x_wconf 90' lang='lat' dir='ltr'><strong>interpretamen-</strong></span> 
     </span>
     <span class='ocr_line' id='line_1_37' title="bbox 233 2297 1823 2354; baseline -0.001 -11"><span class='ocrx_word' id='word_1_295' title='bbox 233 2304 329 2343; x_wconf 93' lang='lat' dir='ltr'><strong>tum</strong></span> <span class='ocrx_word' id='word_1_296' title='bbox 361 2299 521 2352; x_wconf 88' lang='lat' dir='ltr'><strong>secuti,</strong></span> <span class='ocrx_word' id='word_1_297' title='bbox 566 2312 623 2342; x_wconf 89' lang='lat' dir='ltr'><strong>an</strong></span> <span class='ocrx_word' id='word_1_298' title='bbox 654 2299 785 2343; x_wconf 89' lang='lat' dir='ltr'><strong>liceat</strong></span> <span class='ocrx_word' id='word_1_299' title='bbox 815 2300 938 2343; x_wconf 91' lang='lat' dir='ltr'><strong>nobis</strong></span> <span class='ocrx_word' id='word_1_300' title='bbox 970 2302 1167 2342; x_wconf 89' lang='lat' dir='ltr'><strong>statuere</strong></span> <span class='ocrx_word' id='word_1_301' title='bbox 1201 2312 1253 2341; x_wconf 92' lang='lat' dir='ltr'><strong>ea</strong></span> <span class='ocrx_word' id='word_1_302' title='bbox 1283 2297 1446 2341; x_wconf 90' lang='lat' dir='ltr'><strong>habere</strong></span> <span class='ocrx_word' id='word_1_303' title='bbox 1478 2298 1729 2354; x_wconf 85' lang='lat' dir='ltr'><strong>rhythmum</strong></span> <span class='ocrx_word' id='word_1_304' title='bbox 1759 2299 1823 2342; x_wconf 94' lang='lat' dir='ltr'><strong>lo-</strong></span> 
     </span>
     <span class='ocr_line' id='line_1_38' title="bbox 235 2357 1826 2417; baseline -0.001 -13"><span class='ocrx_word' id='word_1_305' title='bbox 235 2358 495 2417; x_wconf 85' lang='lat' dir='ltr'><strong>gaoedicum</strong></span> <span class='ocrx_word' id='word_1_306' title='bbox 542 2362 587 2403; x_wconf 90' lang='lat' dir='ltr'><strong>et</strong></span> <span class='ocrx_word' id='word_1_307' title='bbox 618 2358 1067 2416; x_wconf 88' lang='lat' dir='ltr'><strong>dactylotrochaicum</strong></span> <span class='ocrx_word' id='word_1_308' title='bbox 1115 2361 1161 2402; x_wconf 90' lang='lat' dir='ltr'><strong>et</strong></span> <span class='ocrx_word' id='word_1_309' title='bbox 1201 2357 1696 2415; x_wconf 87' lang='lat' dir='ltr'><strong>anapaestoiambicum,</strong></span> <span class='ocrx_word' id='word_1_310' title='bbox 1744 2359 1826 2403; x_wconf 93' lang='lat' dir='ltr'><strong>hoc</strong></span> 
     </span>
     <span class='ocr_line' id='line_1_39' title="bbox 233 2418 1824 2476; baseline -0.001 -12"><span class='ocrx_word' id='word_1_311' title='bbox 233 2434 371 2464; x_wconf 92' lang='lat' dir='ltr'><strong>unum</strong></span> <span class='ocrx_word' id='word_1_312' title='bbox 404 2419 703 2463; x_wconf 86' lang='lat' dir='ltr'><strong>contenderim</strong></span> <span class='ocrx_word' id='word_1_313' title='bbox 724 2419 988 2476; x_wconf 89' lang='lat' dir='ltr'><strong>Aeschylum</strong></span> <span class='ocrx_word' id='word_1_314' title='bbox 1009 2433 1096 2461; x_wconf 94' lang='lat' dir='ltr'><strong>non</strong></span> <span class='ocrx_word' id='word_1_315' title='bbox 1118 2418 1335 2476; x_wconf 88' lang='lat' dir='ltr'><strong>respuisse</strong></span> <span class='ocrx_word' id='word_1_316' title='bbox 1356 2419 1625 2462; x_wconf 89' lang='lat' dir='ltr'><strong>canticorum</strong></span> <span class='ocrx_word' id='word_1_317' title='bbox 1650 2419 1824 2463; x_wconf 90' lang='lat' dir='ltr'><strong>illorum</strong></span> 
     </span>
     <span class='ocr_line' id='line_1_40' title="bbox 233 2479 695 2526; baseline -0.002 -2"><span class='ocrx_word' id='word_1_318' title='bbox 233 2480 422 2526; x_wconf 85' lang='lat' dir='ltr'><strong>formam</strong></span> <span class='ocrx_word' id='word_1_319' title='bbox 453 2479 695 2524; x_wconf 89' lang='lat' dir='ltr'><strong>metricam.</strong></span> 
     </span>
    </p>

    <p class='ocr_par' dir='ltr' id='par_1_3' title="bbox 235 2540 1826 2779">
     <span class='ocr_line' id='line_1_41' title="bbox 356 2540 1820 2596; baseline 0 -14"><span class='ocrx_word' id='word_1_320' title='bbox 356 2540 436 2583; x_wconf 88' lang='lat' dir='ltr'><strong>Est</strong></span> <span class='ocrx_word' id='word_1_321' title='bbox 479 2540 800 2583; x_wconf 89' lang='lat' dir='ltr'><strong>transeundum</strong></span> <span class='ocrx_word' id='word_1_322' title='bbox 837 2540 895 2582; x_wconf 92' lang='lat' dir='ltr'><strong>ad</strong></span> <span class='ocrx_word' id='word_1_323' title='bbox 930 2554 1134 2582; x_wconf 91' lang='lat' dir='ltr'><strong>numeros</strong></span> <span class='ocrx_word' id='word_1_324' title='bbox 1174 2540 1415 2581; x_wconf 88' lang='lat' dir='ltr'><strong>carminum</strong></span> <span class='ocrx_word' id='word_1_325' title='bbox 1447 2540 1820 2596; x_wconf 86' lang='lat' dir='ltr'><strong>subsequentium.</strong></span> 
     </span>
     <span class='ocr_line' id='line_1_42' title="bbox 236 2598 1826 2659; baseline 0 -15"><span class='ocrx_word' id='word_1_326' title='bbox 236 2600 402 2645; x_wconf 89' lang='lat' dir='ltr'><strong>Statuit</strong></span> <span class='ocrx_word' id='word_1_327' title='bbox 431 2598 731 2659; x_wconf 88' lang='lat' dir='ltr'><strong>Westphalius</strong></span> <span class='ocrx_word' id='word_1_328' title='bbox 776 2600 823 2643; x_wconf 92' lang='lat' dir='ltr'><strong>in</strong></span> <span class='ocrx_word' id='word_1_329' title='bbox 854 2600 997 2658; x_wconf 89' lang='lat' dir='ltr'><strong>operis</strong></span> <span class='ocrx_word' id='word_1_330' title='bbox 1027 2599 1199 2644; x_wconf 89' lang='lat' dir='ltr'><strong>metrici</strong></span> <span class='ocrx_word' id='word_1_331' title='bbox 1235 2599 1456 2657; x_wconf 92' lang='lat' dir='ltr'><strong>prooemio</strong></span> <span class='ocrx_word' id='word_1_332' title='bbox 1498 2614 1572 2644; x_wconf 89' lang='lat' dir='ltr'><strong>eos</strong></span> <span class='ocrx_word' id='word_1_333' title='bbox 1610 2599 1730 2644; x_wconf 87' lang='lat' dir='ltr'><strong>haud</strong></span> <span class='ocrx_word' id='word_1_334' title='bbox 1760 2600 1826 2644; x_wconf 90' lang='lat' dir='ltr'><strong>ita</strong></span> 
     </span>
     <span class='ocr_line' id='line_1_43' title="bbox 236 2660 1824 2717; baseline -0.001 -13"><span class='ocrx_word' id='word_1_335' title='bbox 236 2661 482 2704; x_wconf 89' lang='lat' dir='ltr'><strong>contrarios</strong></span> <span class='ocrx_word' id='word_1_336' title='bbox 515 2675 610 2703; x_wconf 90' lang='lat' dir='ltr'><strong>esse</strong></span> <span class='ocrx_word' id='word_1_337' title='bbox 642 2660 815 2717; x_wconf 85' lang='lat' dir='ltr'><strong>legibus</strong></span> <span class='ocrx_word' id='word_1_338' title='bbox 848 2660 1122 2717; x_wconf 90' lang='lat' dir='ltr'><strong>Aeschyleis;</strong></span> <span class='ocrx_word' id='word_1_339' title='bbox 1162 2660 1241 2703; x_wconf 90' lang='lat' dir='ltr'><strong>sed</strong></span> <span class='ocrx_word' id='word_1_340' title='bbox 1272 2675 1372 2702; x_wconf 91' lang='lat' dir='ltr'><strong>cum</strong></span> <span class='ocrx_word' id='word_1_341' title='bbox 1404 2664 1556 2714; x_wconf 88' lang='lat' dir='ltr'><strong>ageret</strong></span> <span class='ocrx_word' id='word_1_342' title='bbox 1587 2660 1641 2703; x_wconf 89' lang='lat' dir='ltr'><strong>de</strong></span> <span class='ocrx_word' id='word_1_343' title='bbox 1672 2661 1824 2703; x_wconf 91' lang='lat' dir='ltr'><strong>metris</strong></span> 
     </span>
     <span class='ocr_line' id='line_1_44' title="bbox 235 2719 1825 2779; baseline 0 -15"><span class='ocrx_word' id='word_1_344' title='bbox 235 2720 525 2779; x_wconf 87' lang='lat' dir='ltr'><strong>episynthetis</strong></span> <span class='ocrx_word' id='word_1_345' title='bbox 548 2719 648 2778; x_wconf 85' lang='lat' dir='ltr'><strong>(vol.</strong></span> <span class='ocrx_word' id='word_1_346' title='bbox 672 2720 730 2773; x_wconf 94' lang='lat' dir='ltr'><strong>II,</strong></span> <span class='ocrx_word' id='word_1_347' title='bbox 755 2720 877 2777; x_wconf 87' lang='grc'>692),</span> <span class='ocrx_word' id='word_1_348' title='bbox 910 2720 1140 2765; x_wconf 88' lang='lat' dir='ltr'><strong>metricam</strong></span> <span class='ocrx_word' id='word_1_349' title='bbox 1162 2720 1404 2763; x_wconf 89' lang='lat' dir='ltr'><strong>carminum</strong></span> <span class='ocrx_word' id='word_1_350' title='bbox 1424 2719 1610 2764; x_wconf 84' lang='lat' dir='ltr'><strong>formam</strong></span> <span class='ocrx_word' id='word_1_351' title='bbox 1629 2720 1825 2778; x_wconf 88' lang='lat' dir='ltr'><strong>proxime</strong></span> 
     </span>
    </p>
   </div>
   <div class='ocr_carea' id='block_1_3' title="bbox 233 2812 523 2818">
    <p class='ocr_par' dir='ltr' id='par_1_4' title="bbox 233 2812 523 2818">
     <span class='ocr_line' id='line_1_45' title="bbox 233 2812 523 2818; baseline 0 0"><span class='ocrx_word' id='word_1_352' title='bbox 233 2812 523 2818; x_wconf 95' lang='lat' dir='ltr'><strong> </strong></span> 
     </span>
    </p>
   </div>
   <div class='ocr_carea' id='block_1_4' title="bbox 332 2849 1824 2900">
    <p class='ocr_par' dir='ltr' id='par_1_5' title="bbox 332 2849 1824 2900">
     <span class='ocr_line' id='line_1_46' title="bbox 332 2849 1824 2900; baseline 0.001 -12"><span class='ocrx_word' id='word_1_353' title='bbox 332 2851 369 2898; x_wconf 89' lang='lat'><strong>*)</strong></span> <span class='ocrx_word' id='word_1_354' title='bbox 395 2849 464 2888; x_wconf 85' lang='lat' dir='ltr'><strong>His</strong></span> <span class='ocrx_word' id='word_1_355' title='bbox 488 2849 526 2888; x_wconf 91' lang='lat' dir='ltr'><strong>in</strong></span> <span class='ocrx_word' id='word_1_356' title='bbox 552 2849 823 2900; x_wconf 85' lang='lat' dir='ltr'><strong>quaestionibus</strong></span> <span class='ocrx_word' id='word_1_357' title='bbox 854 2850 948 2889; x_wconf 82' lang='lat' dir='ltr'><strong>soleo</strong></span> <span class='ocrx_word' id='word_1_358' title='bbox 977 2850 1126 2889; x_wconf 82' lang='lat' dir='ltr'><strong>laudare</strong></span> <span class='ocrx_word' id='word_1_359' title='bbox 1161 2850 1267 2888; x_wconf 85' lang='lat' dir='ltr'><strong>unius</strong></span> <span class='ocrx_word' id='word_1_360' title='bbox 1304 2851 1450 2888; x_wconf 89' lang='lat' dir='ltr'><strong>tantum</strong></span> <span class='ocrx_word' id='word_1_361' title='bbox 1487 2851 1656 2899; x_wconf 83' lang='lat' dir='ltr'><strong>strophae</strong></span> <span class='ocrx_word' id='word_1_362' title='bbox 1692 2861 1824 2890; x_wconf 73' lang='lat' dir='ltr'><strong>versus·</strong></span> 
     </span>
    </p>
   </div>
  </div>
 </body>
</html>
