2003 3216
798 70 1094 114 „54-

710 300 964 393 Quarta
1012 317 1188 392 pars.

270 445 373 487 Jam
404 449 683 487 transeamus
717 444 774 487 ad
806 448 1048 488 extremam
1075 444 1397 489 dissertationis
1423 449 1594 513 partem
1626 459 1741 502 quae

151 505 235 548 erit
266 504 321 548 de
353 504 603 548 Promethei
635 508 690 549 et
719 504 840 547 chori
877 504 1157 548 carminibus.
1236 505 1315 548 His
1347 506 1401 549 de
1433 505 1612 550 canticis
1653 506 1743 561 egit

151 565 456 618 Westphalius
489 569 534 607 et
563 566 608 606 in
640 564 916 620 praefatione
949 565 1094 620 operis
1114 566 1283 607 metrici
1311 566 1490 608 alterius
1511 565 1741 607 voluminis

151 624 212 680 (p.
235 621 440 682 XLVIII)
473 628 517 667 et
545 624 591 667 in
612 623 1021 680 prolegomenorum
1042 639 1113 693 pp.
1140 625 1359 668 19-191,
1421 625 1566 682 Atque
1588 639 1741 681 quam-

151 699 285 741 quam
308 684 498 728 concedo
521 685 662 728 virum
683 684 860 727 doctum
881 684 1062 728 mult-is
1050 699 1096 727 111
1117 685 1248 728 rebus
1271 686 1429 729 vidisse
1451 700 1567 738 vera,
1593 689 1741 729 tamen

145 746 276 801 juvat
314 744 694 788 vehementissime
743 744 888 788 denuo
918 745 962 788 in
997 745 1239 788 carminum
1276 745 1469 789 indolem
1506 746 1740 802 inquirere.
1785 774 1787 776 -

149 804 324 849 Etenim
355 805 544 860 primum
582 805 658 848 ille
698 805 953 848 brevissime
992 805 1256 861 significavit
1273 820 1496 849 numeros
1528 806 1742 863 Aeschylo

152 880 247 909 esse
286 865 508 921 indignos:
558 880 646 910 non
684 865 891 922 explicuit
931 866 1146 922 quomodo
1182 865 1481 910 abhorrerent
1520 866 1576 910 ab
1612 866 1743 923 hujus

150 930 308 983 poetae
357 930 466 969 arte.
546 926 715 970 Deinde
755 926 861 968 mihi
906 926 1086 983 quidem
1132 940 1220 969 non
1266 941 1403 983 pauca
1442 927 1579 970 ex-iis
1627 941 1743 983 quae

151 991 331 1044 propter
357 986 553 1030 rationes
579 987 784 1030 metricas
819 987 875 1030 ab
896 986 1111 1044 Aeschylo
1141 986 1288 1030 aliena
1324 1002 1420 1031 esse
1457 986 1530 1031 ille
1570 987 1742 1044 judica-

153 1048 234 1099 vit,-
283 1047 365 1090 hoc
400 1051 535 1103 poeta
573 1047 708 1102 digna
758 1047 963 1090 videntur
1010 1052 1141 1103 atque
1189 1048 1439 1091 certissimis
1491 1047 1743 1091 fabularum

155 1112 402 1152 ceterarum
443 1107 652 1166 exemplis
691 1107 879 1151 firmata.
958 1106 1065 1151 Tum
1097 1107 1300 1164 equidem
1330 1108 1436 1151 mihi
1473 1123 1561 1152 non
1600 1123 1745 1165 pauca

152 1169 374 1211 invenisse
397 1169 559 1220 videor,
593 1168 752 1224 quibus
775 1182 888 1225 quae
920 1169 1014 1224 ipse
1036 1168 1333 1224 Westphalius
1355 1173 1533 1225 propter
1560 1168 1745 1211 formam

153 1229 385 1272 metricam
415 1227 662 1285 Aeschylea
694 1242 789 1271 esse
821 1229 999 1283 negavit
1040 1229 1174 1271 etiam
1214 1228 1312 1271 aliis
1345 1243 1398 1272 ex
1429 1229 1572 1272 causis
1606 1229 1662 1272 ab
1694 1243 1744 1272 eo

157 1288 455 1331 abiudicanda
487 1302 584 1330 esse
617 1288 779 1344 optime
812 1293 958 1344 potest
990 1289 1174 1331 ostendi.

275 1349 471 1390 Primum
504 1352 572 1391 est
604 1348 839 1391 dicendum
871 1348 925 1390 de
957 1363 1025 1391 vv.
1061 1349 1288 1399 88-127,
1309 1349 1397 1404 qui
1430 1363 1457 1390 a
1487 1348 1745 1391 Prometheo

153 1409 252 1461 rupi
293 1407 425 1450 affixo
465 1406 750 1459 proferuntur
787 1412 1022 1468 postquam
1055 1422 1082 1448 a
1113 1408 1269 1448 ceteris
1307 1409 1506 1458 personis
1545 1408 1662 1447 solus
1701 1409 1745 1447 in

155 1475 289 1496 scena
321 1467 389 1495 est
419 1462 612 1494 relictus.
676 1462 801 1494 Eten
789 1473 850 1493 lm
872 1462 1029 1493 statuit
1052 1462 1117 1493 vir
1138 1461 1291 1493 doctus
1323 1472 1474 1493 versus
1496 1460 1746 1493 monodiam

154 1522 263 1572 esse,
298 1508 391 1559 sine
424 1508 554 1559 dubio
589 1508 644 1560 ab
673 1507 887 1577 Aeschylo
922 1506 1281 1577 abjudicandam:
1315 1522 1420 1562 nam
1451 1524 1549 1564 cum
1570 1507 1744 1563 omnino

156 1582 421 1623 abstinuisse
460 1586 638 1633 poetam
685 1582 949 1621 carminibus
989 1581 1069 1620 soli
1102 1582 1276 1620 cuidam
1314 1582 1452 1621 actori
1499 1582 1743 1627 cantandis,

155 1641 250 1672 tum
281 1636 363 1671 hoc
395 1636 656 1683 praesertim
696 1636 915 1671 canticum
952 1646 1059 1681 prae
1093 1646 1139 1670 se
1170 1634 1284 1670 ferre
1318 1635 1445 1682 signa
1485 1634 1644 1670 aetatis
1676 1646 1745 1670 re-
1777 1652 1788 1656 -

154 1687 379 1729 centioris,
434 1686 552 1731 quod
594 1689 713 1720 esset
751 1686 1037 1730 compositum
1077 1698 1131 1719 ex
1163 1698 1212 1730 Sy
1216 1689 1401 1719 stemate
1448 1685 1742 1729 anapaestico,

155 1749 208 1800 11
254 1715 463 1802 1111111111
503 1733 724 1829 1111111111,
766 1747 820 1803 11
856 1733 1054 1805 11111111
1099 1732 1745 1818 111111111111111111111111111

153 1824 219 1856 De
252 1834 413 1856 causae
445 1823 602 1865 prioris
644 1822 860 1863 gravitate
896 1822 1023 1854 modo
1056 1822 1163 1853 satis
1201 1825 1268 1853 est
1294 1821 1554 1863 judicatum:
1604 1831 1746 1862 neque

154 1869 239 1909 hac
270 1868 400 1908 modo
442 1879 579 1908 causa
612 1866 690 1907 sed
723 1867 857 1907 etiam
903 1866 1059 1907 ceteris
1106 1866 1239 1908 rebus
1278 1866 1344 1908 vir
1382 1865 1535 1908 doctus
1573 1865 1748 1908 videtur

156 1948 252 1987 esse
283 1926 436 1986 falsus.
513 1926 629 1986 Nam
660 1926 850 2000 primum
881 1926 955 1986 vix
991 1926 1096 1986 licet
1132 1928 1257 1986 nobis
1306 1936 1498 1986 statuere
1545 1958 1748 1987 numeros

155 2004 432 2041 dochmiacos
484 2002 830 2052 bacchiacosque
875 2014 970 2039 esse
1019 2003 1224 2039 carminis
1271 2006 1461 2053 partem;
1510 2002 1572 2040 sic
1603 2002 1748 2054 potius

160 2063 264 2111 sunt
313 2056 550 2112 intermisti
601 2057 800 2110 versibus
851 2057 1051 2109 iambicis
1105 2064 1154 2109 ut
1203 2058 1347 2109 locum
1399 2078 1549 2109 eorum
1600 2066 1749 2109 tenere

155 2127 400 2165 videantur.
464 2125 607 2177 Atque
639 2125 930 2163 intermiscuit
950 2128 1084 2176 poeta
1104 2124 1314 2163 trimetris
1345 2124 1465 2162 nullo
1487 2124 1616 2163 modo
1644 2137 1748 2163 can-

154 2181 260 2229 tatis
314 2195 468 2229 versus
514 2179 766 2228 bacchiacos
814 2180 948 2228 etiam
995 2180 1040 2227 in
1097 2179 1285 2241 Choeph.
1333 2179 1504 2228 fabula:
1558 2196 1748 2241 namque

158 2251 395 2299 postquam
426 2244 664 2297 Aegisthus
696 2245 872 2298 plagam
902 2244 1174 2285 mortiferam
1207 2245 1424 2298 accipiens
1455 2244 1565 2285 haec
1596 2245 1750 2285 effudit

159 2301 233 2364 »ἐὴ
255 2303 481 2357 &voroz-oh,
506 2302 627 2348 chori
649 2301 738 2347 dux
755 2301 1036 2347 vehementer
1056 2306 1286 2358 commota,
1307 2317 1575 2362 quamquam
1596 2306 1750 2362 postea

154 2367 365 2409 trimetris
396 2365 596 2407 iambicis
628 2366 694 2407 uti
727 2366 881 2419 pergit,
915 2365 1024 2407 haec
1046 2365 1238 2419 subjicit·

478 2422 528 2467 ἔα
560 2422 611 2466 ἔα
636 2423 763 2482 μα’λα·

477 2488 565 2535 πῶς
593 2483 701 2546 ἔχεις
732 2488 819 2535 πῶς
846 2485 1057 2543 κέκρανται
1087 2485 1244 2542 ὃόμοιςς

154 2547 321 2589 Eodem
358 2546 449 2589 fele
490 2545 620 2589 modo
658 2545 944 2589 Prometheus
991 2550 1173 2603 propter
1210 2545 1440 2602 strepitum
1480 2545 1750 2589 Oceanidum

160 2607 489 2651 advenientium
528 2606 694 2651 veritus
724 2621 780 2650 ne
813 2607 939 2651 novis
982 2606 1205 2651 doloribus
1245 2606 1470 2662 affligatur
1506 2606 1575 2650 his
1607 2607 1750 2650 verbis

156 2669 316 2712 utitur:

478 2727 507 2770 ἆ
539 2727 568 2770 ἆ
598 2726 649 2771 ἔα
680 2726 743 2771 ἔα.

477 2788 534 2838 τίς
561 2788 667 2847 ἀχώ,
701 2787 758 2837 τίς
785 2788 892 2845 ὀδμὰ
924 2788 1131 2845 προσέπτα
1155 2789 1199 2845 μ’
1231 2788 1432 2846 ἀφεγγής,-

157 2850 288 2893 Hunc
311 2864 485 2893 versum
518 2849 800 2906 subsequitur
831 2849 1032 2893 trimeter
1062 2849 1274 2893 iambicus
1298 2849 1372 2905 qui
1393 2852 1573 2905 propter
1593 2849 1750 2906 prioris
