2003 3216
811 89 1107 132 „42-

165 220 351 277 imponit
397 221 544 274 minis,
597 235 707 277 quas
753 221 874 278 ipsas
925 220 1159 278 frangendi
1204 234 1339 265 causa
1372 235 1399 264 3
1429 224 1554 278 patre
1592 222 1750 266 missus

167 281 411 324 Mercurius
442 281 656 338 procedit:
690 282 864 325 nomine
895 283 1034 338 patris
1067 282 1142 337 qui
1164 282 1218 324 de
1249 282 1380 325 rebus
1403 282 1458 325 ab
1478 281 1554 326 illo
1572 283 1751 339 jactatis

169 340 390 386 audivisse
422 342 652 398 cogitatur,
687 345 754 386 est
785 341 1092 399 exploraturus
1124 355 1343 398 quaenam
1369 342 1547 399 nuptiae
1580 342 1621 386 ei
1651 357 1751 399 per-

167 402 359 446 niciosae
392 402 479 445 sint
508 402 697 445 suturae.
760 402 1008 446 Kolischius
1038 407 1187 446 tamen
1208 418 1250 459 p.
1275 403 1316 445 8.
1343 403 1608 460 vituperavit
1634 404 1751 458 quod

167 462 347 506 deorum
386 463 565 506 nuntius
601 477 688 507 non
720 462 903 507 haberet
948 463 1169 519 cognitum
1214 462 1617 520 illum-praescium
1654 477 1750 507 esse

168 524 361 565 omnium
382 537 546 565 rerum:
580 538 771 578 namque
804 524 1011 578 quoniam
1033 525 1074 567 ei
1094 524 1131 567 si
1153 527 1370 567 secretum
1390 538 1479 566 11011
1500 523 1749 576 detexisset,

168 582 413 625 minaretur
432 595 598 639 poenas
622 583 906 637 gravissimas
929 587 1063 639 atque
1086 583 1273 626 adderet
1293 583 1472 639 insuper
1485 583 1530 625 in
1546 598 1614 626 vv.
1635 583 1748 640 1031

167 670 221 674 -
251 643 379 685 1032.
441 642 598 686 Jovem
631 657 718 685 non
751 643 891 686 solere
923 643 1110 694 mentiri,
1153 642 1231 686 sed
1259 642 1468 697 perficere
1498 657 1612 698 quae
1635 647 1751 686 esset

165 702 378 753 minatus,
418 702 515 745 luce
556 716 651 746 esse
690 702 852 746 clarius
885 717 984 746 eum
1020 703 1127 746 nihil
1166 702 1385 746 audivisse
1418 702 1472 746 de
1503 702 1750 746 Promethei

163 763 411 818 praesagio.
482 762 568 806 Sed
601 762 719 819 quod
755 777 890 820 supra
925 762 980 806 de
1011 764 1167 807 ceteris
1205 762 1403 820 personis
1451 763 1628 820 saepius
1661 763 1751 805 dixi

165 822 285 865 cadit
325 823 459 866 etiam
490 823 536 865 in
566 822 848 866 Mercurium:
897 823 967 866 1110
1000 839 1052 867 ex
1083 828 1240 880 poetae
1277 823 1453 866 fictione
1485 838 1572 866 non
1609 824 1749 879 magis

165 896 299 937 quam
345 883 439 939 ipse
485 883 659 940 Jupiter
705 884 872 927 sciebat
918 898 1018 926 eum
1064 898 1214 927 omnes
1260 897 1331 926 res
1378 882 1550 927 futuras
1586 883 1749 926 habere

163 943 491 998 praecognitam
546 947 679 998 atque
730 947 780 986 ut
829 957 1147 999 persequamur
1198 942 1407 986 Kolischii
1456 944 1659 998 vestigia,
1713 944 1751 985 si

165 1002 406 1058 Aeschylus
444 1017 537 1045 rem
578 1002 707 1046 aliter
736 1003 1017 1055 instituisset,
1064 1003 1215 1046 debuit
1245 1003 1447 1046 nuntium
1480 1003 1674 1045 divinum
1704 1004 1749 1045 in

164 1076 341 1104 scenam
394 1062 540 1106 facere
587 1062 895 1117 procedentem
933 1067 977 1106 et
1015 1077 1163 1106 coram
1206 1062 1464 1105 Prometheo
1505 1090 1559 1095 --
1605 1063 1749 1106 verbis

165 1122 470 1165 abstinentem.
553 1122 755 1165 Ceterum
801 1137 870 1166 me
915 1122 1063 1179 judice
1109 1123 1193 1165 1130
1239 1137 1287 1165 10
1331 1122 1489 1165 1111111111
1537 1127 1751 1177 quantum

164 1196 359 1225 crescere
391 1181 567 1225 videtur
595 1181 762 1225 Titanis
810 1183 1017 1239 superbia
1049 1182 1167 1237 quod
1214 1196 1484 1238 quamquam
1530 1183 1624 1239 ipse
1663 1197 1750 1226 non

162 1242 338 1297 ignorat
369 1242 566 1299 pericula
612 1243 907 1292 imminentia,
957 1242 1152 1299 praefert
1190 1246 1338 1285 tamen
1377 1257 1524 1285 80011111
1562 1243 1749 1286 101111οΓ0

164 1307 393 1345 80010111111.
463 1302 520 1345 Ε1
550 1318 695 1345 10111111
733 1303 981 1346 futurarum
1018 1303 1356 1360 praescientiam
1393 1303 1584 1346 ostendit
1622 1318 1749 1359 aper-

162 1363 328 1406 tissime
376 1377 464 1405 non
501 1362 630 1407 modo
669 1378 708 1406 v.
749 1364 875 1416 1039,
925 1378 1054 1418 quem
1086 1363 1152 1406 vir
1184 1362 1336 1406 doctus
1368 1367 1545 1406 nostrae
1592 1377 1749 1407 scenae

162 1428 315 1478 postea
362 1423 563 1465 additum
610 1438 705 1466 0880
748 1424 964 1479 judicavit
1009 1424 1357 1480 perversissime,
1407 1423 1485 1466 sed
1517 1424 1650 1466 etiam
1680 1440 1770 1480 vv„

164 1483 433 1525 991—993:
484 1497 673 1539 namque
706 1497 803 1526 cum
835 1483 971 1526 libere
1003 1487 1134 1538 neget
1166 1497 1261 1526 sese
1293 1483 1376 1524 nisi
1407 1483 1528 1538 prius
1565 1484 1750 1525 vinculis

162 1543 353 1586 solutum
371 1542 508 1585 ullam
523 1558 617 1587 rem
634 1558 729 1587 esse
747 1543 1032 1596 detecturum,
1052 1543 1405 1600 etiamsiJupiter
1420 1542 1598 1598 fulgura
1616 1548 1746 1598 atque

160 1603 357 1646 tonitrua
388 1603 536 1646 mittat
576 1604 809 1659 omniaque
840 1604 1040 1656 misceat,
1074 1618 1161 1647 11011
1192 1604 1419 1646 1111111011101
1450 1617 1544 1646 0880
1578 1603 1749 1646 videtur

160 1679 402 1719 poenarum
436 1664 793 1718 gravissimarum
826 1679 939 1720 quae
971 1679 1125 1708 revera
1156 1669 1311 1721 postea
1341 1664 1464 1707 fiunt.

281 1723 307 1766 J
312 1738 383 1767 am
416 1724 524 1766 satis
547 1723 790 1767 ostendisse
813 1724 917 1766 mihi
939 1724 1090 1767 videor
1112 1739 1139 1767 a
1159 1728 1290 1781 poeta
1315 1724 1476 1780 optime
1499 1724 1748 1766 consociata

162 1799 257 1827 esse
274 1785 416 1827 minas
434 1799 545 1839 quas
562 1784 847 1829 Prometheus
863 1790 1044 1842 propter
1059 1785 1212 1829 matris
1233 1784 1487 1828 vaticinium
1504 1784 1748 1828 effunderet

160 1845 205 1886 in
247 1844 400 1887 Jovem
450 1849 494 1887 et
537 1859 652 1900 quae
698 1845 774 1887 ille
823 1845 878 1887 de
926 1846 1115 1889 sortibus
1163 1846 1251 1887 suis
1299 1849 1433 1899 atque
1487 1845 1746 1887 liberatione

160 1905 415 1961 praesciret.
495 1905 592 1948 Huc
640 1905 809 1949 accedit
857 1905 975 1962 quod
1005 1904 1245 1963 Aeschylus
1293 1919 1380 1948 non
1428 1905 1521 1948 sine
1569 1904 1747 1948 consilio

160 1970 293 2020 atque
328 1965 511 2007 artificio
541 1966 588 2007 in
620 1966 740 2008 exitu
775 1967 1049 2021 potissimum
1095 1966 1437 2021 uniuscujusque
1469 1965 1560 2007 fere
1589 1980 1747 2008 scenae

159 2026 306 2081 posuit
338 2039 451 2080 quae
483 2025 705 2081 pertinent
737 2025 795 2068 ad
823 2025 1072 2069 Promethei
1103 2030 1265 2070 sortem
1295 2025 1508 2068 futuram:
1557 2040 1746 2081 namque

160 2086 222 2128 sic
254 2086 510 2141 gravissime
556 2086 691 2129 totius
736 2085 915 2130 fabulae
953 2101 1232 2142 progressum
1271 2100 1574 2141 summumque
1616 2100 1746 2142 argu-

159 2150 356 2188 mentum
377 2146 615 2201 significari
645 2146 786 2201 quivis
807 2146 1027 2190 concedet.
1071 2146 1229 2203 Itaque
1251 2146 1356 2188 mihi
1378 2145 1554 2201 quidem
1576 2150 1748 2189 constat

158 2205 369 2248 Kolischii
401 2206 673 2261 conjecturas
706 2207 823 2249 omni
855 2221 1005 2249 carcre
1044 2206 1343 2249 fundamento.
1414 2205 1566 2260 Neque
1604 2207 1746 2249 minus

158 2265 297 2309 falsus
331 2270 398 2309 081
430 2265 718 2310 Oberdickius
757 2281 855 2309 cum
886 2267 932 2309 in
964 2266 1260 2323 disputatione
1291 2266 1389 2319 illa,
1439 2280 1571 2322 quam
1613 2280 1747 2323 supra

158 2327 505 2379 commemoravi,
541 2331 721 2383 propter
744 2342 810 2369 vv.
836 2328 892 2370 82
917 2330 961 2370 01
986 2327 1086 2379 949,
1120 2328 1166 2370 111
1199 2327 1357 2382 quibus
1390 2326 1610 2370 diceretur
1640 2327 1745 2370 Pro-

158 2387 357 2431 metheus
379 2386 587 2446 σοφιστὴς,
611 2387 894 2432 contenderet
913 2386 1112 2432 fabulam
1134 2391 1536 2432 esse.retractatam
1558 2387 1745 2444 sophist-

161 2463 285 2490 arum
328 2449 611 2504 temporibus.
691 2448 845 2503 Neque
892 2449 1007 2491 enim
1054 2463 1108 2491 ex
1161 2449 1335 2491 nomine
1381 2448 1457 2491 illo
1501 2448 1593 2491 tale
1640 2448 1747 2505 quid

158 2507 458 2552 concluserim.
521 2507 635 2551 Nam
666 2508 738 2552 vix
771 2507 952 2552 dubium
991 2513 1059 2552 est
1091 2509 1197 2564 quin
1229 2509 1363 2552 etiam
1402 2512 1536 2552 antea
1572 2508 1746 2552 nomine

156 2569 233 2611 illo
255 2570 301 2610 in
321 2569 518 2611 homines
541 2570 781 2612 convicium
802 2568 989 2613 conferri
1011 2570 1068 2612 sit
1085 2569 1279 2613 solitum:
1304 2568 1421 2623 quod
1439 2569 1477 2611 si
1497 2570 1743 2624 negabitur,

158 2629 362 2684 equidem
393 2643 462 2671 me
494 2643 582 2672 non
612 2629 857 2684 intelligere
890 2629 1100 2672 confiteor
1132 2628 1348 2685 quomodo
1378 2628 1570 2685 potuerit
1600 2634 1746 2672 trans-

156 2689 263 2732 ferri
293 2689 339 2731 in
369 2688 651 2746 philosophos
673 2704 743 2733 res
775 2689 959 2746 pusillas
988 2690 1264 2745 argutissime
1286 2693 1528 2733 tractantes
1559 2689 1746 2746 ideoque

156 2749 482 2807 vituperandos,
1744 2796 1750 2805 ,

280 2810 367 2854 Sed
399 2814 570 2854 restant
600 2825 756 2854 revera
775 2826 920 2867 pauca
952 2826 1066 2866 quae
1098 2825 1244 2854 rerum
1274 2809 1452 2854 illarum
1474 2809 1746 2855 diversarum

157 2871 492 2919 consociat-ionis
524 2870 831 2916 difficultatem
855 2875 1007 2930 aperte
1029 2871 1259 2916 ostendere
1280 2870 1527 2914 videantur.
1573 2870 1747 2914 Etenim
