2003 3216
835 76 1131 120 -39-

196 229 287 258 esse
318 213 528 257 futurum.
590 209 762 255 Videtis
794 213 925 265 quain
952 208 1064 252 bene
1095 209 1287 265 apteque
1320 207 1466 251 omnia
1492 207 1769 252 cohaereant:

194 275 345 329 itaque
391 271 658 315 Kolischium
708 270 841 313 etiam
889 282 986 312 cum
1016 284 1086 312 vv.
1114 269 1369 312 509—512
1416 267 1624 324 proximis
1669 272 1772 324 apte

195 333 368 377 adnecti
398 333 579 387 negaret
599 345 641 387 p.
665 329 736 382 71,
769 328 939 372 ratione
971 327 1179 372 excidisse
1201 330 1397 384 apparet.
1445 327 1772 385 Exspectationi

194 396 341 435 autem
372 390 438 434 illi
468 389 755 433 Prometheus
794 388 942 444 objicit
979 391 1120 431 artem
1152 402 1240 443 qua
1270 402 1362 431 sese
1399 389 1538 444 possit
1583 388 1771 432 liberare

195 451 393 508 superari
423 449 696 494 necessitate.
758 447 853 491 Hoc
882 462 935 491 ex
966 461 1173 503 responso
1195 445 1433 491 Oceanides
1463 461 1584 503 spem
1615 461 1771 504 capere

193 526 276 554 non
327 512 528 566 possunt,
584 508 745 564 quippe
800 521 912 563 quae
955 508 1048 551 ‘sibi
1092 508 1389 562 persuaserint
1433 508 1574 563 ipsum
1617 507 1771 551 Jovem

194 571 434 627 gubernare
465 568 575 613 fata:
622 567 696 611 ille
728 570 874 610 autem
907 581 993 610 non
1022 566 1050 610 J
1052 581 1195 619 ovem,
1238 566 1316 610 sed
1346 565 1500 610 Parcas
1530 566 1770 623 Furiasque

191 630 464 673 necessitatis
486 628 795 683 gubernatores
827 642 921 670 esse
948 627 1195 684 respondet.
1257 627 1458 683 Virgines
1479 642 1607 684 porro
1627 626 1770 671 haesi-

190 692 335 733 tantes
368 690 584 746 quaerunt
628 701 734 731 num
768 687 860 744 ipse
898 687 1079 732 deorum
1099 687 1296 744 princeps
1332 687 1421 730 illis
1468 687 1527 729 sit
1569 687 1767 730 inferior:

191 749 475 793 Prometheus
524 751 671 791 autem
716 763 788 791 eas
838 748 1108 803 interrogare
1153 749 1275 792 vetat
1321 747 1438 804 quod
1483 747 1537 791 iis
1583 762 1670 792 non
1709 747 1769 791 sit

192 809 458 852 detecturus.
528 807 653 850 Nunc
691 807 865 850 demum
902 808 1003 851 illae
1039 808 1153 850 fiunt
1184 811 1327 850 certae
1366 822 1465 850 eum
1497 807 1766 864 gravehquid

193 869 333 911 celare
367 883 462 910 cum
495 867 670 910 consilio
702 869 835 922 atque
865 867 933 910 his
963 869 1150 910 utuntur
1178 868 1336 910 verbis:

523 926 548 985 ἦ
580 926 657 968 πού
688 942 720 968 τι
750 926 893 984 σεμνόν
925 926 1027 970 ἐστιν
1058 925 1082 968 ὃ
1113 925 1384 986 ξυναμπέχεις.

192 987 279 1031 Sed
310 990 430 1037 vetat
462 1000 536 1030 eas
572 986 653 1030 hac
684 986 739 1030 de
771 1001 818 1030 re
851 986 993 1030 dicere
1031 987 1236 1042 amplius:
1284 1001 1385 1029 nam
1425 1000 1520 1029 esse
1553 1001 1650 1029 eam
1682 987 1766 1030 sibi

191 1047 417 1090 celandam
448 1047 669 1101 religiose,
712 1047 828 1102 quod
859 1047 944 1089 nisi
975 1061 1119 1090 secum
1150 1047 1382 1090 retinuerit
1412 1046 1586 1090 vincula
1615 1046 1768 1103 fugere

190 1110 393 1163 nequeat.
457 1106 523 1148 Ex
544 1106 611 1149 his
645 1121 756 1162 quae
778 1106 920 1149 adhuc
952 1106 1132 1162 exposui
1155 1107 1295 1162 quivis
1316 1106 1535 1161 intelliget
1548 1106 1768 1149 Themidis

190 1167 307 1222 quod
355 1166 513 1209 dicitur
559 1170 774 1210 secretum
804 1167 850 1209 in
880 1166 1054 1210 fabulae
1087 1180 1326 1223 progressu
1356 1166 1496 1222 magis
1543 1166 1768 1223 magisque

189 1227 283 1269 fieri
317 1226 575 1269 dilucidum:
607 1226 688 1270 hac
719 1228 764 1269 in
795 1241 843 1269 re
875 1227 1066 1269 omnium
1097 1226 1334 1282 plurimum
1355 1226 1474 1269 valet
1504 1240 1635 1270 scena
1656 1241 1768 1282 quae

189 1290 368 1330 vocatur
398 1286 519 1330 Jonis
552 1286 808 1343 episodium.

312 1346 399 1389 Sed
445 1348 700 1403 priusquam
743 1347 934 1404 judicem
981 1347 1035 1390 de
1067 1347 1275 1390 Kolischii
1321 1347 1549 1390 sententiis
1588 1346 1676 1390 ’1130
1713 1346 1768 1390 (18

189 1422 318 1451 scena
356 1406 558 1463 prolatis,
607 1422 746 1464 pauca
784 1407 1063 1464 praemittam
1095 1406 1150 1451 de
1182 1406 1462 1451 adnotatione
1493 1406 1643 1464 Freyi‚
1693 1407 1768 1464 qui

188 1484 254 1510 vv.
289 1469 375 1510 590
409 1472 451 1511 et
491 1468 739 1512 734-736
785 1469 901 1512 inter
937 1483 983 1511 se
1014 1482 1210 1523 pugnare
1256 1468 1412 1511 statuit
1447 1482 1518 1524 pp.
1555 1469 1765 1512 10—12:

188 1541 377 1583 namque
422 1527 498 1571 illo
529 1542 659 1571 versu
691 1528 777 1572 dici
806 1528 960 1572 Jonem
994 1528 1143 1571 vexari
1174 1528 1411 1580 erroribus,
1461 1528 1578 1583 quod
1609 1528 1766 1571 Iunoni

189 1591 305 1630 esset
335 1588 486 1640 invisa,
521 1589 659 1632 altero
692 1589 873 1644 cogitari
902 1589 1045 1644 ipsum
1066 1588 1218 1632 Jovem
1251 1603 1348 1632 eam
1368 1587 1513 1632 facere
1534 1591 1767 1644 vagantem

188 1651 321 1703 atque
353 1651 584 1700 errantem,
617 1652 668 1691 ut
699 1664 796 1692 cum
819 1663 870 1691 ea
890 1651 1040 1704 posset
1061 1649 1356 1692 concumbere.
1419 1648 1635 1704 Equidem
1656 1648 1769 1691 hanc

187 1709 521 1762 repugnantiam
567 1709 901 1764 vituperandam
948 1723 1043 1752 esse
1089 1723 1219 1764 nego:
1270 1708 1431 1752 etenim
1481 1706 1767 1752 Prometheus

187 1767 411 1823 aptissime
431 1769 605 1811 inimico
628 1783 706 1812 suo
728 1770 881 1812 tribuit
898 1769 1069 1825 culpam
1087 1783 1281 1812 errorum
1298 1769 1490 1824 virginis,
1507 1769 1767 1824 praesertim

188 1843 285 1871 cum
317 1828 387 1871 hic
417 1829 509 1885 ipse
548 1829 729 1873 libidine
762 1829 976 1873 deductus
1007 1829 1174 1889 primus
1206 1843 1301 1873 eam
1347 1828 1591 1885 prodiderit
1635 1829 1766 1873 rebus

187 1888 395 1931 adversis.
456 1889 484 1932 J
486 1903 556 1932 am
576 1893 627 1931 ut
647 1892 920 1932 transeamus
942 1889 1000 1932 ad
1020 1890 1203 1933 alterius
1234 1890 1488 1945 interpretis
1509 1890 1764 1942 sententias,

188 1948 300 1991 hanc
330 1952 467 1991 totam
498 1964 578 2004 per
609 1963 782 1993 scenam
823 1949 947 1992 illum
978 1950 1171 1993 omnium
1208 1963 1354 1992 rerum
1391 1949 1636 1992 futurarum
1669 1964 1765 1993 esse

186 2009 430 2062 praescium
470 2012 514 2052 et
544 2009 755 2065 virginem
802 2009 1003 2052 onmibus
1041 2024 1094 2052 ex
1140 2009 1337 2065 personis
1385 2023 1516 2052 unam
1568 2010 1623 2053 ab
1669 2011 1765 2066 ipso

143 2077 146 2079 ’
184 2068 309 2112 initio
341 2069 449 2112 scire
482 2083 580 2112 eum
612 2070 825 2125 insignem
857 2083 952 2113 esse
983 2073 1079 2114 arte
1115 2069 1381 2114 vaticinandi
1433 2070 1602 2113 notavit
1631 2073 1766 2126 atque

185 2128 253 2171 his
285 2129 339 2172 de
372 2130 515 2173 causis
548 2130 787 2185 episodium
820 2134 920 2185 post
956 2130 1043 2173 alia
1066 2129 1273 2174 >additum
1305 2144 1400 2173 esse
1447 2130 1615 2173 statuit.
1679 2130 1766 2174 Sed

186 2189 361 2233 obstant
380 2189 479 2233 huic
511 2190 704 2245 opinioni
735 2191 779 2233 in
801 2190 1050 2234 universum
1072 2190 1192 2234 haec.
1254 2190 1495 2247 Aeschylus
1518 2190 1610 2234 sine
1633 2190 1765 2234 dubio

183 2250 349 2305 primus
381 2250 583 2294 Herculis
630 2264 762 2294 causa
807 2251 1006 2308 mythum
1039 2251 1115 2307 qui
1146 2254 1214 2295 est
1244 2250 1299 2294 de
1330 2251 1441 2294 Jone
1480 2265 1579 2293 cum
1624 2251 1766 2294 altera

185 2310 239 2353 de
272 2309 531 2354 Prometheo
562 2310 711 2355 fabula
742 2312 986 2368 conjunxit3
1019 2315 1063 2355 et
1095 2312 1298 2367 quoniam
1330 2310 1540 2355 Hercules
1571 2312 1764 2355 omnium
1809 2317 1811 2319 ’

185 2371 433 2428 mythorum
481 2372 764 2428 congruentia
794 2371 910 2415 hunc
940 2372 1123 2416 vinculis
1170 2372 1380 2416 liberasse
1426 2371 1663 2425 ferebatur,
1697 2376 1765 2415 est

184 2432 544 2475 verisimillimum
582 2436 757 2488 poetam
791 2432 1010 2488 trilogiam
1040 2432 1095 2476 de
1122 2431 1383 2476 Prometheo
1420 2433 1764 2488 conscripturum

183 2506 271 2534 non
309 2492 453 2535 minus
501 2506 646 2536 secum
692 2492 1020 2549 praeparavisse
1066 2492 1184 2536 illius
1231 2492 1414 2549 episodii
1458 2492 1764 2541 formationem

185 2566 314 2606 quam
346 2551 492 2596 Prom.
525 2552 602 2596 sol.
634 2552 809 2596 fabulae
841 2554 1034 2605 scenam,
1075 2554 1129 2607 in,
1153 2567 1241 2608 qua
1271 2553 1482 2597 Hercules
1515 2568 1615 2597 eum
1648 2557 1764 2596 esset

186 2611 407 2655 soluturus
438 2616 571 2668 atque
603 2612 772 2656 solutus
802 2612 1027 2656 liberatori
1059 2627 1227 2656 errores
1258 2617 1391 2669 atque
1421 2613 1582 2656 itinera
1612 2613 1762 2656 vatici-

183 2675 380 2715 naturus.
441 2672 578 2717 Tenet
615 2687 744 2729 porro
783 2673 862 2716 illa
898 2687 1029 2717 scena
1061 2676 1212 2717 nostra
1241 2674 1287 2716 in
1318 2673 1468 2717 fabula
1506 2672 1654 2717 sedem
1685 2687 1762 2728 ap-

184 2733 422 2776 tissimam:
456 2747 645 2790 namque
675 2737 855 2790 propter
873 2733 901 2777 J
903 2748 1029 2777 onem
1062 2737 1107 2777 et
1126 2734 1266 2789 ipsam
1285 2733 1313 2777 J
1315 2734 1407 2778 ovis
1428 2733 1606 2777 libidine
1629 2736 1762 2789 atque

184 2792 364 2836 arbitrio
385 2798 589 2837 vexatam
609 2792 859 2837 Promethei
890 2795 1094 2849 superbia
1114 2794 1349 2850 odiumque
1371 2794 1528 2837 mirum
1551 2797 1762 2850 quantum

184 2857 396 2907 crescunt,
431 2854 491 2898 sic
519 2858 570 2898 ut
590 2854 695 2898 mihi
727 2853 903 2911 quidem
923 2868 1013 2897 una
1033 2869 1131 2899 cum
1152 2855 1433 2911 subsequenti
1454 2858 1499 2898 et
1517 2854 1697 2898 inventa
1718 2857 1763 2897 et
