2003 3216
844 110 1138 152 ...33-

203 241 373 287 Videtis
387 241 503 284 hunc
518 255 691 284 versum
707 255 795 284 non
807 244 924 284 recte
940 240 1075 284 tribui
1090 241 1405 296 interpolatori:
1426 241 1503 283 sed
1518 242 1611 296 ipse
1626 255 1779 284 scenae

204 306 357 351 auctor
385 301 431 345 in
461 315 592 345 versu
611 299 908 358 componendo
939 301 1073 346 verba
1097 300 1338 359 »στράτευμ’
1362 299 1536 343 ἐπακτόν
1558 298 1775 358 ἐμβαλών(

205 379 258 407 ex
279 364 413 418 ipsius
435 361 637 417 Aeschyli
656 378 696 406 v.
719 362 806 404 566
830 363 1065 416 sumpsisse
1086 363 1271 405 videtur.
1313 362 1483 405 Deinde
1505 362 1782 405 offenderunt

169 450 172 453 ·
204 423 466 481 interpretes
512 421 558 464 in
603 419 828 465 vocabulis.
863 418 1159 467 »Πολυνείκους
1203 419 1392 478 νεκρόνι,
1441 435 1554 478 quae
1596 425 1699 464 sunt
1736 422 1782 464 in

204 501 244 529 v.
282 484 390 556 9973
439 482 499 525 616
542 481 724 525 Weilius
771 497 869 526 cum
915 496 1003 525 non
1049 483 1159 526 bene
1213 483 1441 526 convenire
1493 481 1782 526 intellexisset

210 541 403 599 »νεκρόνα
459 545 505 584 et
558 540 892 599 »ἀναστατῆρα«,
944 542 1126 604 conjecit
1182 540 1428 599 »Πολυνείκη
1480 540 1629 595 λέγωιε.
1703 542 1783 584 Est

207 602 383 660 quidem
413 601 685 657 probandum
717 601 835 657 quod
865 597 1101 645 haeserunt
1129 602 1176 645 in
1206 616 1254 645 re
1285 602 1369 646 viri
1400 601 1537 654 docti;
1576 602 1655 645 sed
1686 616 1783 645 meo

207 663 368 719 quiden
408 661 573 717 judicio
604 661 785 704 offensio
823 666 919 704 erat
954 662 1159 714 notanda,
1198 676 1286 704 non
1323 661 1532 705 tollenda.
1609 662 1783 705 Etenim

207 723 282 780 qui
314 721 490 778 quidem
517 720 685 790 judicet
716 722 808 765 sine
836 722 970 765 61111111
998 722 1369 778 praesumptione,
1404 721 1612 766 concedet
1641 719 1784 779 νεκρόν

207 781 452 825 0111111111οᾶ0
484 782 648 836 requiri
683 785 862 836 propter
891 797 1061 824 versum
1110 783 1446 836 subsequentem
1504 798 1524 820 »
1530 779 1614 829 ἔξω
1640 780 1785 835 βαλεῖν

208 838 396 883 ἄθαπτον
442 838 633 899 ἁρπαγὴν
679 839 799 881 κυσίν.
806 857 825 879 <<
907 841 1028 884 Haec
1067 855 1179 897 quae
1224 841 1426 897 equidem
1473 841 1602 884 attuli
1633 844 1783 897 aperte

208 901 445 944 ostendunt
476 915 629 943 scenae
660 900 893 943 additiciae
925 904 1149 944 auctorem
1178 901 1311 944 fuisse
1333 905 1509 955 poetam
1539 901 1781 944 indoctum:

208 961 286 1004 sed
319 974 445 1016 spero
476 960 591 1003 viros
625 959 787 1012 doctos,
822 960 896 1017 qui
917 974 986 1004 me
1013 961 1241 1017 peritiores
1273 964 1376 1003 sunt
1406 960 1580 1017 linguae
1603 974 1785 1017 graecae

208 1023 354 1077 legum
400 1024 532 1078 atque
580 1021 787 1064 orationis
819 1020 1106 1079 Aeschyleae‚
1153 1021 1235 1065 hac
1281 1036 1335 1064 ex
1382 1035 1512 1065 scena
1558 1021 1786 1065 additurus

209 1096 303 1125 esse
335 1096 422 1126 non
452 1095 593 1136 pauca
623 1081 760 1123 multo
799 1082 940 1136 spatio
972 1082 1027 1124 ab
1059 1084 1153 1124 arte
1200 1085 1333 1137 atque
1379 1083 1553 1136 ingenio
1585 1081 1787 1138 Aeschyli

211 1142 433 1186 distantia.

328 1201 427 1244 Jam
458 1205 509 1243 ut
539 1201 670 1243 finem
714 1200 924 1244 faciamus
955 1200 1054 1243 huic
1104 1201 1424 1243 dissertationis
1470 1202 1607 1256 parti,
1657 1215 1789 1244 scena

210 1276 297 1305 non
355 1261 493 1304 multo
554 1263 656 1316 post
706 1260 950 1316 Antigonae
1014 1260 1278 1316 Sophocleae
1349 1265 1547 1317 tempora
1607 1261 1788 1305 carmini

209 1321 449 1377 Aeschyleo
495 1322 669 1363 videtur
715 1335 810 1363 esse
858 1320 1039 1376 adjecta.
1131 1321 1216 1364 Illa
1262 1322 1377 1363 enim
1424 1321 1573 1363 fabula
1618 1322 1787 1375 insigne

209 1381 452 1437 Antigonae
483 1379 652 1424 facinus
684 1383 773 1422 tam
804 1378 1077 1436 praeclarum
1108 1378 1271 1423 factum
1319 1384 1387 1424 est
1424 1384 1474 1423 ut
1505 1395 1604 1424 cum
1634 1384 1790 1437 postea

212 1443 307 1496 quis
337 1440 540 1497 Aeschyli
585 1440 857 1494 tragoediam
892 1441 938 1482 in
976 1455 1149 1483 scenam
1200 1444 1316 1483 esset
1363 1441 1642 1493 reducturus,
1691 1455 1788 1484 eam

211 1501 293 1545 sibi
325 1504 518 1545 sumeret
549 1500 675 1557 quasi
706 1499 763 1543 ad
793 1500 923 1544 finem
954 1499 1293 1556 perducendam.

777 1894 997 1970 Tertia
1044 1914 1221 1987 pars.

333 2042 525 2085 Primum
555 2041 870 2099 Westphalius‚
909 2042 975 2086 vir
1006 2040 1282 2085 doctissimus
1314 2044 1359 2084 et
1389 2041 1707 2096 argutissimus,
1748 2041 1793 2084 in

212 2102 470 2145 lectionibus
503 2103 606 2155 suis,
641 2102 757 2157 quod
789 2103 978 2158 comperi
999 2116 1053 2144 ex
1073 2105 1395 2157 programmate
1417 2115 1444 2144 a
1466 2100 1716 2144 Steusloffio
1739 2101 1793 2143 de

214 2162 416 2220 Aeschyli
462 2162 669 2219 religione
717 2162 959 2219 conscripto
1006 2158 1169 2219 (»Zeus
1216 2161 1306 2204 und
1354 2160 1424 2205 die
1472 2159 1670 2205 Gottheit
1717 2160 1794 2205 des

214 2222 479 2279 Aeschylus«
515 2223 640 2266 Lissa
673 2223 808 2278 1867)
849 2227 894 2265 et
925 2236 979 2265 ex
1009 2223 1063 2264 iis
1096 2236 1207 2277 quae
1240 2221 1527 2264 Oberdickius
1558 2221 1796 2278 publicavit

214 2284 260 2326 in
291 2287 374 2327 act.
407 2297 507 2327 ann.
539 2283 603 2326 lit.
636 2283 812 2326 «lenens,
850 2283 978 2327 1876.
1012 2281 1093 2325 sub
1125 2296 1167 2325 11.
1201 2282 1302 2335 380,
1342 2283 1509 2325 animos
1548 2281 1797 2325 auditorum

215 2344 443 2387 attendere
484 2347 551 2387 est
588 2343 742 2386 solitus
780 2343 837 2385 ad
873 2342 1063 2385 indolem
1099 2342 1242 2385 Prom.
1275 2343 1404 2385 vinct.
1443 2341 1616 2385 fabulae
1649 2343 1797 2397 singu-

215 2403 352 2446 larem
384 2418 522 2459 eoque
555 2407 623 2446 est
652 2417 910 2460 progressus
947 2406 998 2445 ut
1038 2416 1134 2444 eam
1166 2402 1307 2458 qualis
1337 2401 1463 2444 nobis
1496 2405 1613 2445 esset
1633 2401 1799 2446 tradita

215 2468 316 2519 post
346 2463 607 2519 Aeschylum
638 2467 874 2506 correctam
907 2477 1002 2505 esse
1030 2466 1240 2506 censeret.
1289 2462 1432 2516 Atque
1455 2462 1638 2505 offendit
1658 2462 1798 2505 virum

217 2523 392 2566 doctum
424 2526 470 2567 et
500 2526 805 2580 argumentum
835 2520 1010 2566 fabulae
1043 2525 1088 2565 et
1117 2521 1270 2565 forma.
1299 2530 1302 2533 ’
1325 2520 1500 2565 Etenim
1531 2520 1650 2565 credi
1669 2535 1797 2579 posse

217 2584 396 2639 negavit
423 2588 599 2641 poetam
631 2585 706 2639 qui
737 2584 894 2627 ceteris
925 2584 970 2626 in
1001 2583 1236 2638 tragoediis
1268 2582 1522 2638 religionem
1552 2597 1579 2626 a
1599 2582 1799 2640 patribus

217 2647 440 2701 acceptam
461 2659 565 2688 non
602 2644 730 2688 modo
769 2644 862 2702 ipse
902 2657 1077 2687 servare
1111 2642 1271 2686 soleret
1303 2657 1472 2686 summa
1503 2657 1602 2687 cum
1632 2643 1798 2700 pietate

218 2705 297 2748 sed
335 2705 466 2748 etiam
504 2720 557 2749 ex
594 2719 647 2748 ea
685 2718 854 2748 summa
893 2719 990 2747 cum
1030 2705 1245 2760 gravitate
1277 2703 1472 2761 proferre
1504 2703 1612 2747 talia
1642 2704 1799 2759 quibus

217 2765 412 2808 homines
461 2766 518 2809 ad
564 2766 729 2822 optima
767 2779 965 2820 quaeque
1006 2768 1187 2822 possent
1218 2764 1329 2817 duci,
1379 2764 1489 2807 adeo
1520 2779 1548 2807 a
1579 2779 1625 2807 se
1657 2765 1801 2820 ipsum

219 2824 450 2868 descivisse
487 2829 538 2868 ut
575 2825 657 2868 hac
693 2826 740 2868 in
777 2824 927 2868 fabula
964 2839 1183 2869 summum
1214 2824 1345 2867 deum
1375 2838 1462 2866 non
1494 2823 1622 2866 modo
1653 2823 1800 2866 Parcis

218 2884 447 2941 Furiisque
487 2885 566 2929 sed
604 2886 737 2928 etiam
774 2884 946 2929 libidini
984 2889 1116 2940 atque
1148 2885 1330 2928 arbitrio
1372 2884 1605 2941 subjiceret
1635 2883 1801 2926 Titanis

1467 2967 1490 3003 3
